"Product Details","ASIN","URL","Image URL","Brand","Price $","Sales","Revenue","BSR","Seller Country/Region","Fees $","Active Sellers #","Ratings","Review Count","Images","Review velocity","Buy Box","Category","Size Tier","Fulfillment","Dimensions","Weight","Creation Date"
"($) Amazon Basics Round Storage End Table, Side Table with Cloth Basket - White/Heather Gray, 19 x 18 x 18 Inches","B07TWXS5Y6","https://www.amazon.com/dp/B07TWXS5Y6?psc=1","https://m.media-amazon.com/images/I/71bLf-pRNRL._AC_SY355_.jpg","Amazon Basics",30.60,"n/a","n/a","1,681","AMZ",17.26,8,4.5,"8,520",6,0,"Amazon","Our Brands","Small Oversize","FBA","19.5x2.6x20.5",6.73,"n/a"
"AOJEZOR Round End Tables Living Room,Narrow Night Stands Round Side Table for Bedrooms, Cute Gold Coffee Table,Pedestal Plant Stand for Balcony, Black Tray with 3 Legged Gold Accent Table","B08THDLJ9G","https://www.amazon.com/dp/B08THDLJ9G?psc=1","https://m.media-amazon.com/images/I/61Cjqq5wGhL._AC_SX569_.jpg","AOJEZOR",39.98,"3,868","154,642.64","4,644","CN",19.23,4,4.6,"3,277",6,60,"Aojezor","Home & Kitchen","Small Oversize","FBA","19.3x2.6x23.0",6.60,"1/20/2021"
"Frenchi Home Furnishing End Table/Side Table, Espresso Finish","B000FSHE3I","https://www.amazon.com/dp/B000FSHE3I?psc=1","https://m.media-amazon.com/images/I/71wS0poW4QL._AC_SY450_.jpg","Frenchi Furniture",40.89,764,"31,239.96","32,929","AMZ",26.78,4,4.6,"5,339",3,26,"Amazon","Home & Kitchen","Small Oversize","AMZ","14.0x10.0x26.0",17.50,"n/a"
"BEWISHOME Round End Table Side Table with Metal Frame, Accent Table Nightstand Bedside Table with 3-Tier Shelves, Small Table for Living Room Bedroom Couch Table Small Coffee Table Rustic Brown KTZ41Z","B0B6FZ11BS","https://www.amazon.com/dp/B0B6FZ11BS?psc=1","https://m.media-amazon.com/images/I/81GzK8AqynL._AC_SY741_.jpg","BEWISHOME",59.99,309,"18,536.91","100,410","CN",23.77,1,4.5,62,7,11,"BEWISHOME","Home & Kitchen","Small Oversize","FBA","16.0x4.5x24.5",10.95,"8/30/2022"
"Winsome Wood Claire Accent Table, Black","B000NPSGPS","https://www.amazon.com/dp/B000NPSGPS?psc=1","https://m.media-amazon.com/images/I/71fJ0TjspXL._AC_SY355_.jpg","Winsome",35.16,"1,542","54,216.72","19,423","AMZ",23.40,25,4.4,"19,526",11,83,"Amazon","Home & Kitchen","Small Oversize","FBA","19.4x4.7x23.1",20.05,"11/1/2000"
"danpinera Side Table, End Table for Small Spaces Accent Metal Bedside Table Round Small End Table, Outdoor Side Table Indoor Snack Table Accent Patio Side Table Anti-Rust and Waterproof Dark Green","B08CC17XXB","https://www.amazon.com/dp/B08CC17XXB?psc=1","https://m.media-amazon.com/images/I/61gHI3VxkuL._AC_SX425_.jpg","danpinera",35.98,"1,744","62,749.12","5,356","US",17.64,1,4.5,"6,001",9,32,"Kying Story","Patio, Lawn & Garden","Small Oversize","FBA","18.3x1.9x20.8",6.65,"11/10/2020"
"ChooChoo Narrow Console Table, Chic Accent Sofa Table, Entryway Table, Espresso","B07SYJ189D","https://www.amazon.com/dp/B07SYJ189D?psc=1","https://m.media-amazon.com/images/I/71iJC5hieNL._AC_SX569_.jpg","ChooChoo",79.99,"1,022","81,749.78","33,628","CN",32.65,2,4.5,"3,046",5,49,"ChooChoo Furniture","Home & Kitchen","Small Oversize","FBA","15.2x5.0x43.8",26.95,"9/24/2019"
"FORAOFUR Side Table, Small End Table Accent Table Living Room Bedroom Balcony Office, Modern Side Table Bedside Table Home Decor, Easy Assembly","B09TFHLB3J","https://www.amazon.com/dp/B09TFHLB3J?psc=1","https://m.media-amazon.com/images/I/51UCaA8FFXL._AC_SX425_.jpg","FORAOFUR",23.39,"1,844","43,131.16","12,050","CN",11.32,1,4.6,413,7,36,"HAITE HOME","Home & Kitchen","Large Standard-Size","FBA","13.3x2.8x17.2",4.59,"2/25/2022"
"Ameriwood Home Franklin Accent Table 2 Drawers, Black","B06WD4YD17","https://www.amazon.com/dp/B06WD4YD17?psc=1","https://m.media-amazon.com/images/I/61z+YcTJk9L._AC_SX425_.jpg","Ameriwood Home",69.61,902,"62,788.22","20,771","AMZ",34.86,8,4.6,"2,865",6,32,"Amazon","Home & Kitchen","Small Oversize","AMZ","23.5x6.2x31.1",35.11,"n/a"
"Palama Small Side Table for Living Room, Modern Home Décor Gold Side Table, Easy Assembly Small Gold Table, Gold Accent Table","B0B699MVP4","https://www.amazon.com/dp/B0B699MVP4?psc=1","https://m.media-amazon.com/images/I/81syRAnvWDL._AC_SX569_.jpg","Palama",29.99,576,"17,274.24","45,980","CN",17.17,1,4.7,200,8,25,"HomePalama","Home & Kitchen","Small Oversize","FBA","16.3x2.3x21.5",7.95,"7/11/2022"
"Main + Mesa Cuvee Wood Stool or End Table, White","B09BCXW2GJ","https://www.amazon.com/dp/B09BCXW2GJ?psc=1","https://m.media-amazon.com/images/I/51JabsLvhSL._AC_SY450_.jpg","Main + Mesa",239.99,"n/a","n/a","844,455","AMZ",51.24,5,4.7,9,12,0,"Amazon","Home & Kitchen","Small Oversize","FBA","15.0x14.0x21.0",22.45,"n/a"
"Tribesigns End Table Set of 2, Sofa Side Table with Storage No Assembly Required, Slim Nightstand with 2 Drawers, Vintage Wood Chairside Bedside Narrow Accent Tables for Living Room Bedroom Couch","B0BP7H2VNN","https://www.amazon.com/dp/B0BP7H2VNN?psc=1","https://m.media-amazon.com/images/I/81BLfOvvsbL._AC_SX569_.jpg","Tribesigns",475.99,56,"26,655.44","283,748","CN",95.89,1,4.9,19,9,0,"jiancai","Home & Kitchen","Small Oversize","MFN","13.8x26.8x26.0",37.47,"12/6/2022"
"Furologee Console Table with 2 Drawers, Industrial Sofa Table, Entryway Table with 3-Tier Storage Shelves, Narrow Accent Table Metal Frame for Living Room/Entryway/Hallway, Rustic Brown","B097DN5MFJ","https://www.amazon.com/dp/B097DN5MFJ?psc=1","https://m.media-amazon.com/images/I/81aJDUjUc3L._AC_SX466_.jpg","Furologee",89.99,845,"76,041.55","31,380","CN",35.40,5,4.4,935,9,51,"Engriy Store","Home & Kitchen","Small Oversize","FBA","12.7x4.8x41.3",29.06,"6/17/2021"
"Deco 79 Aluminum Drip Accent Table with Melting Designed Legs and Shaded Glass Top, 16"" x 16"" x 24"", Silver","B097QGTZ4J","https://www.amazon.com/dp/B097QGTZ4J?psc=1","https://m.media-amazon.com/images/I/71bIDYB5i5S._AC_SX466_.jpg","Deco 79",190.79,356,"67,921.24","96,815","AMZ",63.55,11,4.5,382,9,18,"Amazon","Home & Kitchen","Small Oversize","AMZ","17.4x17.3x28.0",16.20,"n/a"
"Christopher Knight Home Jerod Light-Weight Concrete Accent Table, Black","B07F6652WW","https://www.amazon.com/dp/B07F6652WW?psc=1","https://m.media-amazon.com/images/I/51VSQWEb0uL._AC_SY450_.jpg","Christopher Knight Home",88.24,343,"30,266.32","74,597","US",39.92,9,4.4,552,7,6,"Deal Box Center","Home & Kitchen","Small Oversize","MFN","16.1x15.7x20.9",20.55,"7/1/2018"
"ECOMEX Round End Table,Tall Side Table with Drawer and Shelf, 2 Tier Classic Brown Wood Accent Table Sofa Side Table for Bedroom,Office, Small Spaces, Vintage European Style (Black)","B0B426NX6H","https://www.amazon.com/dp/B0B426NX6H?psc=1","https://m.media-amazon.com/images/I/51PlgkSuGWL._AC_SX425_.jpg","ECOMEX",69.99,87,"6,089.13","529,313","CN",31.99,1,4.4,20,9,4,"LIVABLE HOME","Home & Kitchen","Small Oversize","MFN","23.1x6.3x27.0",16.70,"6/14/2022"
"($) danpinera 2 Tier Metal Side Table with Removable Tray, Folding End Table Outdoor Side Table Small Accent Table, Anti-Rust Green Nightstand for Bedroom Balcony Patio (Dark Green)","B09GKGWZP3","https://www.amazon.com/dp/B09GKGWZP3?psc=1","https://m.media-amazon.com/images/I/614WQjNZIaL._AC_SY355_.jpg","danpinera",49.99,734,"36,692.66","11,751","CN",20.59,1,4.4,607,8,23,"LongT HOME","Patio, Lawn & Garden","Small Oversize","FBA","18.0x3.3x21.3",8.10,"5/9/2021"
"($) Tribesigns Modern Round End Table, 20”Sofa Side Table Coffee Table Cocktail Table with Unique Gold O-Shaped Base, Midcentury Accent Table Nightstand for Living Room Bedroom, Faux Marble White","B0B87Q1X9X","https://www.amazon.com/dp/B0B87Q1X9X?psc=1","https://m.media-amazon.com/images/I/81FuTwVPISL._AC_SX679_.jpg","Tribesigns",85.99,"n/a","n/a","n/a","CN","n/a",1,3.5,12,8,1,"QQDREAM","Home & Kitchen","n/a","MFN","n/a","n/a","8/1/2022"
"($) COSIEST Concrete Accent Table, Hexagon Patio Side Table 14.5''Wx20''H, Modular Design Indoor Outdoor End Table, Distressed Grey White Patina","B09J1DCJMR","https://www.amazon.com/dp/B09J1DCJMR?psc=1","https://m.media-amazon.com/images/I/81VQDVqY3BL._AC_SX679_.jpg","COSIEST",139.99,126,"17,638.74","44,482","CN","n/a",1,4.1,19,7,0,"COSIEST","Patio, Lawn & Garden","n/a","MFN","n/a","n/a","10/1/2021"
"($) Kate and Laurel Sanzo Bohemian Side Table, 9 x 9 x 23, Gold, Decorative Pedestal End Table for Display and Storage","B08RSLPX5N","https://www.amazon.com/dp/B08RSLPX5N?psc=1","https://m.media-amazon.com/images/I/715Fkhakd4L._AC_SX466_.jpg","Kate and Laurel",79.99,177,"14,158.23","89,399","US",27.61,4,4.7,266,8,106,"Uniek","Home & Kitchen","Small Oversize","MFN","10.2x9.8x19.6",7.10,"n/a"
"FirsTime & Co. Miles Rustic Table, 22""H x 16""W x 16""D, Natural, Aged Black","B07JQDN3T8","https://www.amazon.com/dp/B07JQDN3T8?psc=1","https://m.media-amazon.com/images/I/9136eXzArSL._AC_SY450_.jpg","FirsTime & Co.",52.22,96,"5,013.12","504,142","AMZ",24.24,19,4.2,705,6,1,"Amazon","Home & Kitchen","Small Oversize","FBA","16.8x6.0x23.5",7.90,"n/a"
"Yaheetech 3-Tier Console Table for Entryway, 39.5 Inch Entryway Table with Drawer and 2 Storage Shelves, Narrow Wood Accent Table for Entryway/Hallway/Living Room/Foyer, Black","B081KTQF4Q","https://www.amazon.com/dp/B081KTQF4Q?psc=1","https://m.media-amazon.com/images/I/61KgXZLF23L._AC_SY450_.jpg","Yaheetech",79.99,387,"30,956.13","83,214","US",40.63,1,4.6,"2,039",9,26,"Yaheetech","Home & Kitchen","Small Oversize","MFN","15.4x5.5x44.9",45.20,"11/16/2019"
"Gold End Tables Set of 2, Faux Marble Side Table for Living Room, Bedroom or Small Spaces, Small Nightstand with Storage Shelf, Easy Assembly, 2-Pack, Modern Style Accent Table","B0C16QBP8V","https://www.amazon.com/dp/B0C16QBP8V?psc=1","https://m.media-amazon.com/images/I/61-mzWT76AL._AC_SX522_.jpg","Possile",49.99,58,"2,899.42","91,300","CN",18.86,1,4.3,28,9,1,"Possile Store","Home & Kitchen","Large Standard-Size","FBA","13.0x5.4x16.9",13.05,"4/1/2023"
"HOOBRO Round Side Table, Round Accent End Table with Sturdy X-Shaped Metal Frame, 15.7"" Round Nightstand, for Living Room, Bedroom, Balcony, Office Rustic Brown BF95BZ01","B09X39XJQJ","https://www.amazon.com/dp/B09X39XJQJ?psc=1","https://m.media-amazon.com/images/I/61Yb+NUvviL._AC_SY450_.jpg","HOOBRO",33.99,460,"15,635.40","40,545","CN",17.77,4,4.6,107,9,43,"Hoobro","Home & Kitchen","Small Oversize","FBA","17.4x2.1x17.9",7.20,"8/2/2022"
"($) UYIHOME Farmhouse Square End Table, Accent Side Table with Slats Design, Sofa Side Nightstand Table with Sturdy Frame for Living Room Bedroom, Oak Grey","B0BLSGT6P5","https://www.amazon.com/dp/B0BLSGT6P5?psc=1","https://m.media-amazon.com/images/I/81MazGsmEOL._AC_SX679_.jpg","UYIHOME",69.99,26,"1,819.74","566,983","CN",26.95,1,4.7,10,7,1,"UYIHOME","Home & Kitchen","Small Oversize","FBA","18.8x4.5x26.5",14.50,"11/8/2022"
"($) Tribesigns End Table, Sofa Side Table with Storage No Assembly Required, Slim Nightstand with 2 Drawers, Vintage Wood Chairside Bedside Narrow Accent Tables for Living Room Bedroom Couch Office, Brown","B0B3GR437J","https://www.amazon.com/dp/B0B3GR437J?psc=1","https://m.media-amazon.com/images/I/91+olHj7EML._AC_SY450_.jpg","Tribesigns",239.99,55,"13,199.45","283,748","CN",83.44,1,4.9,19,9,0,"jiancai","Home & Kitchen","Medium Oversize","MFN","13.7x26.8x26.8",37.50,"6/8/2022"
"($) KATDANS Nesting Table Set of 3, Stacking End Table-Small Coffee Table Set of 3, Modern Living Room Accent Table Set of 3, Weathered Oak Tabletop-Bronze Base, KS663O","B08S34FXF4","https://www.amazon.com/dp/B08S34FXF4?psc=1","https://m.media-amazon.com/images/I/71Az0P8+00S._AC_SX466_.jpg","KATDANS",139.99,43,"6,019.57","370,250","CN",45.80,3,4.2,50,6,2,"Greatune","Home & Kitchen","Small Oversize","FBA","18.0x9.5x24.0",36.76,"1/5/2021"
"($) MAISON ARTS End Tables Living Room Set of 2 Farmhouse Side Tables 3-Tiers Rustic Nightstands with Storage for Bedroom, Modern Wood Look Mid Century Accent Furniture, Easy Assembly, Ivory","B09H2W5641","https://www.amazon.com/dp/B09H2W5641?psc=1","https://m.media-amazon.com/images/I/6176kPh8nCL._AC_SX450_.jpg","MAISON ARTS",119.99,147,"17,638.53","161,535","US",44.11,1,4.5,164,9,7,"Homeworld Store","Home & Kitchen","Small Oversize","MFN","18.5x7.0x30.0",39.51,"9/24/2021"
"ChooChoo Console Table with Drawers, Narrow Wood Accent Sofa Table Entryway Table with Storage Shelf for Entryway, Front Hall, Hallway, Living Room, Black","B09SPQDQ1X","https://www.amazon.com/dp/B09SPQDQ1X?psc=1","https://m.media-amazon.com/images/I/81SWssP+fOL._AC_SX425_.jpg","ChooChoo",99.99,733,"73,292.67","51,383","CN",41.53,3,4.4,"1,923",6,34,"ChooChoo Furniture","Home & Kitchen","Small Oversize","FBA","14.5x7.5x43.5",40.91,"2/17/2022"
"Decor Therapy Simplify Wood Accent Storage Shelf End Table, 24 x 19.5 x 15.75, Blue Gray","B00JSRCOQE","https://www.amazon.com/dp/B00JSRCOQE?psc=1","https://m.media-amazon.com/images/I/71TX-BHilzL._AC_SY450_.jpg","Decor Therapy",61.42,455,"27,946.10","83,080","AMZ",29.44,3,4.7,"2,898",9,6,"Amazon","Home & Kitchen","Small Oversize","FBA","19.8x7.7x23.2",16.53,"4/19/2014"
"ALLOSWELL Small Side Table, End Table with Storage Shelf, 14.6 x 10.6 x 19.9 Inches, Nightstand X-Shaped Design, Bedside Table, Steel Frame, Living Room, Bedroom, Easy Assembly, Rustic Brown ETHR2801","B09G2L33ZX","https://www.amazon.com/dp/B09G2L33ZX?psc=1","https://m.media-amazon.com/images/I/717EXLXHa4L._AC_SX425_.jpg","ALLOSWELL",19.99,486,"9,715.14","24,952","CN",11.93,7,4.3,471,9,27,"ALLOSWELL","Home & Kitchen","Large Standard-Size","FBA","13.2x3.4x17.3",8.38,"1/6/2022"
"Apicizon Round Side Table, White Nightstand Coffee End Table for Living Room, Bedroom, Small Spaces, Easy Assembly Modern Home Decor Bedside Table with Natural Wood Legs, 16.5 x 20.5 Inches","B08LYPSDNY","https://www.amazon.com/dp/B08LYPSDNY?psc=1","https://m.media-amazon.com/images/I/61+87WmxrzS._AC_SY450_.jpg","Apicizon",36.99,"2,071","76,606.29","13,040","CN",17.80,1,4.5,"1,923",9,42,"APICIZON","Home & Kitchen","Small Oversize","FBA","18.0x2.8x18.0",4.70,"2/2/2021"
"($) COSIEST Outdoor Faux Wood Tree-Slice Side Table, Natural Oak Hand Painted Finish 19x20inch, 3 Black Metal Legs Plant Stand","B09J1CJ4MS","https://www.amazon.com/dp/B09J1CJ4MS?psc=1","https://m.media-amazon.com/images/I/61TO6XCcm6L._AC_SX679_.jpg","COSIEST",99.99,10,999.90,"319,759","CN","n/a",1,3.8,18,6,0,"COSIEST","Patio, Lawn & Garden","n/a","MFN","n/a","n/a","10/1/2021"
"($) CADANI Round Side Table, Black Modern End Table, Metal Accent Table for Small Spaces, Living Room, Bedroom, Balcony, Easy Assembly, 15.8x18.9inches","B0B1H7VNR2","https://www.amazon.com/dp/B0B1H7VNR2?psc=1","https://m.media-amazon.com/images/I/71aAYU1G47L._AC_SY450_.jpg","CADANI",33.97,"1,147","38,963.59","23,855","CN",14.55,1,4.6,254,7,46,"MiaoHui Crafts","Home & Kitchen","Small Oversize","FBA","16.7x2.8x17.0",5.35,"5/17/2022"
"($) White Storage Cabinet with Baskets, Wicker Storage Cabinet with 2 Drawers and 4 Wicker Baskets, Farmhouse Wicker Basket Storage Tower for Kitchen Entryway, Wicker Dresser, Accent Table (White)","B0BK7XY7G5","https://www.amazon.com/dp/B0BK7XY7G5?psc=1","https://m.media-amazon.com/images/I/71x1T3HVuoL._AC_SX466_.jpg","Babion",149.99,83,"12,449.17","310,242","CN","n/a",1,4.2,19,9,2,"BABION HOME","Home & Kitchen","n/a","MFN","n/a","n/a","10/24/2022"
"CubiCubi Round End Table, Side Table with Wooden Shelves, 2-Tier Rustic Vintage Table for Living Room Bedroom, Metal Frames and Wooden Boards, Rustic Brown","B08ZS5J8TC","https://www.amazon.com/dp/B08ZS5J8TC?psc=1","https://m.media-amazon.com/images/I/61zebNttwcS._AC_SY450_.jpg","CubiCubi",39.99,463,"18,515.37","78,056","CN",19.09,6,4.6,619,6,25,"Tespo Store","Home & Kitchen","Small Oversize","FBA","17.9x2.6x26.0",7.70,"3/23/2021"
"Furinno Turn-N-Tube End Table, Dark Cherry/Black , 1-Pack","B00DMBU61C","https://www.amazon.com/dp/B00DMBU61C?psc=1","https://m.media-amazon.com/images/I/41ALyViOmNL._AC_SY450_.jpg","Furinno",20.99,"45,338","951,644.62",417,"AMZ",16.39,9,4.5,"86,910",4,"1,116","Amazon","Home & Kitchen","Small Oversize","AMZ","14.5x3.3x19.8",6.95,"6/13/2013"
"Frenchi Furniture Magazine Table Finish: White","B006T3R5HI","https://www.amazon.com/dp/B006T3R5HI?psc=1","https://m.media-amazon.com/images/I/41iT+49l1FL._AC_SY355_.jpg","Frenchi Furniture",14.82,176,"2,608.32","40,753","AMZ",18.67,9,4.6,"1,467",1,3,"Amazon","Home & Kitchen","Small Oversize","AMZ","18.0x5.2x25.2",10.80,"1/3/2012"
"HLR Side Table Round, Small Wood End Table for Living Room, Bedroom and Small Spaces, Modern Nightstand Bedside Table with Easy Assembly Black Legs, Black Top","B0BJJDKP6B","https://www.amazon.com/dp/B0BJJDKP6B?psc=1","https://m.media-amazon.com/images/I/81SHCh7CnzL._AC_SY450_.jpg","HLR",38.99,130,"5,068.70","200,404","CN",17.68,1,4.3,37,7,2,"Cozy homedecor","Home & Kitchen","Small Oversize","FBA","16.4x2.5x17.0",5.10,"10/18/2022"
"IOTXY Home Round Coffee Table - 15.7"" Small 2-Tier End Table with Open Storage Shelf, White Wooden Table Top Gold Metal Frame Side Table","B08HZ7CZRX","https://www.amazon.com/dp/B08HZ7CZRX?psc=1","https://m.media-amazon.com/images/I/51odvSD67jL._AC_SX569_.jpg","IOTXY",39.99,153,"6,118.47","173,361","CN",19.09,1,4.3,166,7,4,"YUKEE DIRECT","Home & Kitchen","Small Oversize","FBA","16.6x2.3x18.5",8.20,"9/14/2020"
"Convenience Concepts Oxford Console Table with Shelf, White","B00WGGF466","https://www.amazon.com/dp/B00WGGF466?psc=1","https://m.media-amazon.com/images/I/713nh3hOWlL._AC_SX466_.jpg","Convenience Concepts",80.99,718,"58,150.82","19,886","AMZ",34.63,21,4.6,"8,373",7,54,"Amazon","Home & Kitchen","Small Oversize","FBA","15.0x6.0x42.0",28.70,"4/14/2015"
"Tajsoon Console Table, Industrial entryway Table, Narrow Sofa Table with Shelves,Entrance Table for Entryway, Hallway, Living Room, Foyer, Corridor, Office, Rustic Brown and Black","B0989DQJ9L","https://www.amazon.com/dp/B0989DQJ9L?psc=1","https://m.media-amazon.com/images/I/814rUarzH8L._AC_SY450_.jpg","Tajsoon",59.99,"2,608","156,453.92","14,121","CN",19.85,1,4.5,"1,195",7,77,"tajsoon","Home & Kitchen","Large Standard-Size","FBA","12.4x4.0x16.8",14.22,"6/30/2021"
"Furinno Simple Design End/SideTable, Espresso","B003VP10PK","https://www.amazon.com/dp/B003VP10PK?psc=1","https://m.media-amazon.com/images/I/51s0FECr-BL._AC_SY355_.jpg","Furinno",10.24,"1,653","16,926.72","4,026","AMZ",15.89,7,4.4,"10,488",9,83,"Amazon","Home & Kitchen","Small Oversize","AMZ","22.0x2.1x22.7",11.90,"8/23/2011"
"Furinno Andrey End Table / Side Table / Night Stand / Bedside Table with Bin Drawer, Espresso/Brown","B004UME2PS","https://www.amazon.com/dp/B004UME2PS?psc=1","https://m.media-amazon.com/images/I/610cB5E0v1L._AC_SX466_.jpg","Furinno",16.30,"5,817","94,817.10","3,607","AMZ",17.22,11,4.1,"54,120",9,427,"Amazon","Home & Kitchen","Small Oversize","AMZ","17.4x3.2x19.9",12.05,"3/31/2011"
"Round End Table Wood Round Side Table for Small Spaces,Vintage Outdoor Farmhouse End Table For Living Room, Balcony, Countyard, Sofa, Bedroom, Industrial Narrow Coffee Table in Black and Brown","B09V7NYBLS","https://www.amazon.com/dp/B09V7NYBLS?psc=1","https://m.media-amazon.com/images/I/61Womx0BxJL._AC_SX679_.jpg","Feyejade",49.99,50,"2,499.50","253,225","CN",23.26,1,4.7,47,7,1,"Yuminghua","Home & Kitchen","Small Oversize","FBA","18.5x4.0x23.5",8.95,"3/10/2022"
"Walker Edison Cora Modern Faux Marble Round Accent Table with X Base, 16 Inch, Marble and Gold","B0718Z3G9D","https://www.amazon.com/dp/B0718Z3G9D?psc=1","https://m.media-amazon.com/images/I/51JtOvjyA5L._AC_SX466_.jpg","Walker Edison",47.59,490,"23,319.10","45,318","AMZ",21.91,3,4.3,"5,401",8,7,"Amazon","Home & Kitchen","Small Oversize","FBA","19.4x3.4x26.6",9.03,"n/a"
"Gold Console Table, Glass Sofa Tables, Modern Open Hallway Table, Narrow Entryway Table, Slim Accent Porch Table, Couch Side Table with Golden Metal Frame, Easy Assembly, Minimalist Style (Glass Top)","B08R7LHY5L","https://www.amazon.com/dp/B08R7LHY5L?psc=1","https://m.media-amazon.com/images/I/81c+FHwfnzL._AC_SY450_.jpg","Wimarsbon",59.99,220,"13,197.80","153,225","CN",22.75,1,4.4,133,8,9,"Wimarsbon Express","Home & Kitchen","Small Oversize","MFN","14.0x7.0x44.8",16.80,"12/23/2020"
"Goroly Home Hand Crafted Solid Wood Accent Table, Side Table, Entryway Table, Wooden End Table, Octagonal Wooden Table - 12 Inch Round Top x 12 Inch High - White Wash","B0BLNTX829","https://www.amazon.com/dp/B0BLNTX829?psc=1","https://m.media-amazon.com/images/I/81fKEToZr7L._AC_SY450_.jpg","Goroly Home",54.99,49,"2,694.51","225,617","IN",17.18,1,4.3,54,9,1,"Goroly Home","Home & Kitchen","Large Standard-Size","FBA","13.2x5.8x14.5",7.56,"1/13/2023"
"danpinera 2-Tier End Table, Outdoor Side Table Metal Round Side Table with Removable Tray, Small Folding Accent Table, Anti-Rust Nightstand for Bedroom Balcony Patio Living Room (Gold)","B094FFGB2P","https://www.amazon.com/dp/B094FFGB2P?psc=1","https://m.media-amazon.com/images/I/61kRvmgLs4L._AC_SX466_.jpg","danpinera",49.99,742,"37,092.58","11,751","CN",20.59,1,4.4,607,8,23,"LongT HOME","Patio, Lawn & Garden","Small Oversize","FBA","17.8x2.3x20.6",8.15,"7/23/2021"
"WOODYNLUX End Table Nightstands Set of 2, 3-Tier Bedside Tables, 5-Tier Shelf Bookcase, Nightstand Accent Table for Couch, Living Room, Bedroom, Rustic Brown and Black, Easy Assembly.","B0BMLQPHDB","https://www.amazon.com/dp/B0BMLQPHDB?psc=1","https://m.media-amazon.com/images/I/714CWHXLh1L._AC_SX425_.jpg","WOODYNLUX",49.99,"1,300","64,987.00","34,616","CN",19.63,1,4.7,233,7,24,"haoding home","Home & Kitchen","Large Standard-Size","FBA","12.8x4.3x17.0",18.40,"11/16/2022"
"HOMSHO 2-Tier Side Table, End Tables with Tempered Glass, Nightstands with Storage Shelves, Slim Sofa Table for Living Room, Bedroom (1, Golden)","B0BY1N8XM7","https://www.amazon.com/dp/B0BY1N8XM7?psc=1","https://m.media-amazon.com/images/I/717Qtrc5A7L._AC_SY355_.jpg","HOMSHO",35.99,"n/a","n/a","69,947","CN",14.33,1,4.0,31,9,2,"HOMSHO","Home & Kitchen","Large Standard-Size","FBA","12.8x4.6x17.3",8.36,"3/10/2023"
"Décor Therapy, Walnut Decor Therapy Three drawer accent table, (FR1458), 11.8 in x 15.75 in x 26","B00BX5059W","https://www.amazon.com/dp/B00BX5059W?psc=1","https://m.media-amazon.com/images/I/81GZFE0QOIL._AC_SY450_.jpg","Decor Therapy",101.58,191,"19,401.78","197,961","AMZ",48.49,1,4.4,"1,921",7,2,"Amazon","Home & Kitchen","Small Oversize","AMZ","18.8x15.5x26.8",23.75,"n/a"
"Yoobure C Shaped End Table, Side Table for Couch and Bed, Small Side Table for Small Spaces, Living Room, Bedroom, Rustic Snack Table","B0BTBWGJX7","https://www.amazon.com/dp/B0BTBWGJX7?psc=1","https://m.media-amazon.com/images/I/61zWU1QGtxL._AC_SY450_.jpg","Yoobure",30.99,"1,965","60,895.35","17,498","CN",13.26,2,4.5,957,7,79,"Yoobure Direct","Home & Kitchen","Large Standard-Size","FBA","11.7x3.3x17.7",7.30,"3/28/2023"
"FURINNO Oval End Table, One, Walnut","B01FX5CM8O","https://www.amazon.com/dp/B01FX5CM8O?psc=1","https://m.media-amazon.com/images/I/61zo5IM6j9L._AC_SX466_.jpg","Furinno",15.46,238,"3,679.48","135,476","AMZ",16.25,6,4.2,"1,869",6,9,"Amazon","Home & Kitchen","Small Oversize","AMZ","17.8x2.5x24.3",10.60,"5/19/2016"
"AWASEN Side Table, Small End Accent Table for Living Room Bedroom Office Small Spaces, Modern White Side Table Nightstand with Solid Wood, Easy Assembly, (White)","B0BYMWHZJC","https://www.amazon.com/dp/B0BYMWHZJC?psc=1","https://m.media-amazon.com/images/I/51ihJ0cmhsL._AC_SX425_.jpg","AWASEN",25.99,"n/a","n/a","103,020","CN",12.03,1,4.6,57,6,5,"Awasen Direct","Home & Kitchen","Large Standard-Size","FBA","13.7x2.8x17.0",5.89,"3/16/2023"
"Best Choice Products 16in Faux Marble Accent Table, Modern End Table, Small Coffee Table Home Decor for Living Room, Dining Room, Tea, Coffee w/Metal Frame, Foot Caps, Designer - White/Chrome","B08TRWHPPN","https://www.amazon.com/dp/B08TRWHPPN?psc=1","https://m.media-amazon.com/images/I/61+h-OlSnKL._AC_SX466_.jpg","Best Choice Products",49.99,611,"30,543.89","53,861","US",23.53,1,4.4,"2,896",8,26,"BestChoiceproducts","Home & Kitchen","Small Oversize","MFN","18.5x26.0x4.5",7.50,"1/22/2021"
"COZAYH Rustic Farmhouse end Table with Storage Shelf, French Country Accent Side Table for Family, Dinning or Living Room, Small Spaces, Modern, Round, Vintage Grey Finish.","B09BD7FDSQ","https://www.amazon.com/dp/B09BD7FDSQ?psc=1","https://m.media-amazon.com/images/I/91qWn9YkRlL._AC_SX569_.jpg","COZAYH",69.99,175,"12,248.25","77,009","US",26.95,1,4.4,409,9,10,"Cozayh","Home & Kitchen","Small Oversize","MFN","3.3x26.8x26.5",15.73,"7/28/2021"
"OVICAR Tray End Table - Metal Side Table 2 Tier Nightstand Round Accent Coffee Table Sofa Side Table Waterproof Indoor Outdoor Snack Table Removable Tray Table for Living Room Bedroom Office Black","B093RQHPQB","https://www.amazon.com/dp/B093RQHPQB?psc=1","https://m.media-amazon.com/images/I/71VUTJgRRTL._AC_SX466_.jpg","OVICAR",46.80,422,"19,749.60","62,234","CN",20.11,1,4.6,"1,352",7,21,"Ovicar","Home & Kitchen","Small Oversize","FBA","18.0x1.8x22.0",8.25,"4/29/2021"
"Furinno JAYA End Table, One, Walnut","B01K8JEF5I","https://www.amazon.com/dp/B01K8JEF5I?psc=1","https://m.media-amazon.com/images/I/61jcNzHRv5L._AC_SY450_.jpg","Furinno",17.10,392,"6,703.20","116,816","AMZ",15.66,12,3.7,"3,138",6,28,"Amazon","Home & Kitchen","Small Oversize","AMZ","20.9x1.9x21.8",8.35,"8/11/2016"
"APEXCHASER Metal Side Table, 3-Tier Modern Style End Table with Storage Shelf, Side Table for Small Spaces, Fashionable Coffee Table for Living Room, Bedroom,Pink","B0BX9QJTWK","https://www.amazon.com/dp/B0BX9QJTWK?psc=1","https://m.media-amazon.com/images/I/71SVCJ15KuL._AC_SX466_.jpg","APEXCHASER",39.99,363,"14,516.37","49,681","CN",15.41,1,4.2,23,6,14,"TR Trading Store","Home & Kitchen","Large Standard-Size","FBA","12.6x7.3x17.2",7.94,"3/2/2023"
"($) Palama Small Side Table for Living Room, Modern Home Décor White Side Table, Easy Assembly Small White Table, White Accent Table","B0B697YYNK","https://www.amazon.com/dp/B0B697YYNK?psc=1","https://m.media-amazon.com/images/I/710oLo50YiL._AC_SY450_.jpg","Palama",29.99,581,"17,424.19","45,980","CN",17.17,1,4.7,200,7,25,"HomePalama","Home & Kitchen","Small Oversize","FBA","17.8x2.4x23.3",8.00,"7/11/2022"
"($) Koncemel Round Accent Side Table, Modern Coffee Table with X-Shaped Base, Concrete End Table for Garden, Living Room, Bedroom","B09MF5J5NK","https://www.amazon.com/dp/B09MF5J5NK?psc=1","https://m.media-amazon.com/images/I/61B7ZKnsSpL._AC_SY355_.jpg","Koncemel",99.99,"n/a","n/a","1,759,115","CN","n/a",1,"n/a",0,6,0,"KONCEMEL","Home & Kitchen","n/a","MFN","n/a","n/a","11/23/2021"
"($) LuxenHome Outdoor Decorative Garden Stool Side Table, 18 Inch Cement Backyard Small Accent Table, Outdoor Side Tables for Patio, Tree Stump Stool Plant Stand Drum End Table for Indoor and Outdoor","B0C1B4BDHG","https://www.amazon.com/dp/B0C1B4BDHG?psc=1","https://m.media-amazon.com/images/I/91tQ6xOwZkL._AC_SX466_.jpg","LuxenHöme",116.63,40,"4,665.20","106,554","US",44.02,1,5.0,1,7,0,"LuxenHöme","Patio, Lawn & Garden","Small Oversize","MFN","16.1x16.1x21.5",19.14,"4/3/2023"
"($) APICIZON Round Side Table with Storage, Black Rattan Nightstand Bedside Table, Small End Table for Living Room, Bedroom, Small Spaces, Modern Accent Table Easy Assembly, 15 x 19.3 Inches","B0B214QXLY","https://www.amazon.com/dp/B0B214QXLY?psc=1","https://m.media-amazon.com/images/I/81O5TzjtpSL._AC_SX425_.jpg","Apicizon",45.99,173,"7,956.27","117,061","CN",19.73,1,4.4,29,8,3,"APICIZON","Home & Kitchen","Small Oversize","FBA","15.3x3.3x19.8",5.15,"5/23/2022"
"Christopher Knight Home Manuel Light-Weight Concrete Accent Table, Natural, 12.5D x 12.5W x 17.75H in","B07F6BJR9V","https://www.amazon.com/dp/B07F6BJR9V?psc=1","https://m.media-amazon.com/images/I/815I-uAZVxL._AC_SX425_.jpg","Christopher Knight Home",78.19,120,"9,382.80","171,759","AMZ",38.39,3,4.5,209,8,3,"Amazon","Home & Kitchen","Small Oversize","AMZ","16.2x15.7x21.0",22.50,"7/1/2018"
"Monarch Specialties , Hall Console, Accent Table, Dark Taupe, 47""L","B0143ZT6ZC","https://www.amazon.com/dp/B0143ZT6ZC?psc=1","https://m.media-amazon.com/images/I/613ZNFH9csL._AC_SX425_.jpg","Monarch Specialties",145.08,143,"20,746.44","406,444","AMZ",49.75,15,4.7,"4,934",5,4,"Amazon","Home & Kitchen","Small Oversize","FBA","16.4x7.1x53.0",36.61,"n/a"
"Winsome Wood Nolan Occasional Table, Cappuccino 20.00 x 20.00 x 21.97 Inches","B0046EC0LS","https://www.amazon.com/dp/B0046EC0LS?psc=1","https://m.media-amazon.com/images/I/61VrFfZEXyL._AC_SY450_.jpg","Winsome",53.70,187,"10,041.90","83,832","AMZ",29.97,28,4.7,"2,001",8,4,"Amazon","Home & Kitchen","Small Oversize","AMZ","24.0x7.0x24.2",24.15,"n/a"
"Best Choice Products Metal Accent Table, Set of 2 Decorative Round End Tables Nightstands, Coffee Side Tables for Living Room Bedroom Office, Nesting - Gold","B079LYB9Y5","https://www.amazon.com/dp/B079LYB9Y5?psc=1","https://m.media-amazon.com/images/I/812OTyjG+GL._AC_SX466_.jpg","Best Choice Products",99.99,274,"27,397.26","155,726","US",44.47,2,4.5,"2,002",7,12,"BestChoiceproducts","Home & Kitchen","Small Oversize","MFN","17.3x17.3x22.0",16.65,"11/18/2017"
"HILINSIE Rattan Nightstand - Accent End Table with Storage Shelf and Drawer, Wooden Bedside Tables with Metal Frame, Modern Side Table for Bedroom, Living Room, Natural Walnut and Yellow","B0BWN6Y3YT","https://www.amazon.com/dp/B0BWN6Y3YT?psc=1","https://m.media-amazon.com/images/I/81pxzOvaHkL._AC_SX466_.jpg","HILINSIE",49.99,"n/a","n/a","231,812","CN",19.95,1,1.0,1,8,0,"Hilinsie","Home & Kitchen","Large Standard-Size","FBA","13.5x6.2x16.9",18.01,"2/23/2023"
"Decor Therapy Simplify Round Pedestal Accent Side Table, 24"" x 15"" x 15"", Turquoise","B00JSRCJM8","https://www.amazon.com/dp/B00JSRCJM8?psc=1","https://m.media-amazon.com/images/I/414sXSbdMVL._AC_SY741_.jpg","Decor Therapy",54.62,573,"31,297.26","39,009","AMZ",22.54,3,4.6,"6,430",3,16,"Amazon","Home & Kitchen","Small Oversize","AMZ","17.5x4.9x18.6",7.10,"10/3/2014"
"Winsome Wood Sasha Accent Table, White, 20 inches","B004K3D3ZC","https://www.amazon.com/dp/B004K3D3ZC?psc=1","https://m.media-amazon.com/images/I/61Zm-UGJsbL._AC_SX679_.jpg","Winsome",59.63,144,"8,586.72","139,192","AMZ",30.01,21,4.6,"1,672",8,7,"Amazon","Home & Kitchen","Small Oversize","FBA","23.3x6.0x27.2",16.40,"7/26/2005"
"E.P.C. Versatile 3 Tier Wooden White Twisted Design Accent Table","B089KRVXVG","https://www.amazon.com/dp/B089KRVXVG?psc=1","https://m.media-amazon.com/images/I/51UgWrbAbiS._AC_SX679_.jpg","E.P.C.",37.49,25,937.25,"433,506","US",17.87,5,4.2,75,7,0,"Closeout Pro","Home & Kitchen","Small Oversize","FBA","12.5x2.5x26.8",6.10,"6/2/2020"
"Hula Home End Table with Charging Station (USB-C, USB, & Outlet) Flip Top | for Living Room and Narrow Small Spaces, Storage Shelf, USB Ports & Power Outlets, Bedside Tables, Bedroom (Brown)","B09RWBBW47","https://www.amazon.com/dp/B09RWBBW47?psc=1","https://m.media-amazon.com/images/I/81fEBPrEwSL._AC_SY355_.jpg","Hula Home",65.99,225,"14,847.75","152,907","US",21.07,1,4.4,256,7,8,"Hula Home","Home & Kitchen","Large Standard-Size","FBA","13.5x6.9x16.9",15.08,"2/6/2022"
"Etna Twist Side End Table Modern Accent Table Nightstand with Distressed Finish, Wood, 24"" High - Gray","B0949SV9XV","https://www.amazon.com/dp/B0949SV9XV?psc=1","https://m.media-amazon.com/images/I/51M45CakhFL._AC_SY450_.jpg","Etna",37.92,85,"3,223.20","248,588","US",19.35,9,4.1,204,8,6,"Busiapp Corporation","Home & Kitchen","Small Oversize","FBA","12.8x2.7x28.9",6.15,"5/6/2021"
"MENYCNJ C Shaped Table for safa Small C Side Table for Living Room and Small Spaces- Easy Assembly, C Shaped Round End Table for Couch and Bed, Night Stand for Bedroom, Wood/Black","B0BZZTL5RS","https://www.amazon.com/dp/B0BZZTL5RS?psc=1","https://m.media-amazon.com/images/I/51OodfZCsnL._AC_SY355_.jpg","MENYCNJ",55.99,"n/a","n/a","55,612","CN",22.90,1,2.0,4,6,2,"HengTuo Int'l Trade","Home & Kitchen","Small Oversize","FBA","13.4x4.0x24.5",5.25,"3/30/2023"
"HOOBRO Narrow Side Table, Tempered Glass End Table with Fabric Magazine Sling, Small Coffee Accent Table, Bedside Table for Small Space, Bedroom, Living Room, Modern Style, Black BK66BZ01","B0BQQR8V6V","https://www.amazon.com/dp/B0BQQR8V6V?psc=1","https://m.media-amazon.com/images/I/71nNnTc-eTL._AC_SY355_.jpg","HOOBRO",29.99,409,"12,265.91","61,793","CN",12.63,2,4.5,275,9,20,"Hoobro","Home & Kitchen","Large Standard-Size","FBA","11.5x2.8x17.0",6.46,"12/21/2022"
"($) Treocho Oxford Design Console Table with Drawer and Storage Shelves, Foyer Sofa Table Narrow for Entryway, Living Room, Hallway, Grey","B09NDJ5Y4H","https://www.amazon.com/dp/B09NDJ5Y4H?psc=1","https://m.media-amazon.com/images/I/71Oh-y1NaHL._AC_SX569_.jpg","Treocho",99.99,490,"48,995.10","73,129","CN",41.95,1,4.5,307,5,17,"Treocho","Home & Kitchen","Small Oversize","FBA","14.5x6.2x45.1",41.51,"12/10/2021"
"($) AWQM Round End Table, Modern Accent Side Table with Metal Frame,Faux Marble Sofa Table,Duarble Nightstand Tall Coffee Table Living Room, Bedroom,Brown","B09MZ4RK3Z","https://www.amazon.com/dp/B09MZ4RK3Z?psc=1","https://m.media-amazon.com/images/I/51KrYFHb2XL._AC_SY355_.jpg","AWQM",36.99,28,"1,035.72","428,369","CN",18.64,2,4.3,79,7,1,"HAOSHENGCHEN","Home & Kitchen","Small Oversize","FBA","17.8x2.6x17.9",8.48,"12/3/2021"
"($) Hanobe Small Round Side Table Decor End Tables Modern White Accent Bedside Table for Living Room Small Spaces Bedroom Boho Farmhouse Decorative with 3 Wood Legs, Easy Assembly","B0BSGRC9GQ","https://www.amazon.com/dp/B0BSGRC9GQ?psc=1","https://m.media-amazon.com/images/I/71mAe21sJ0L._AC_SX425_.jpg","Hanobe",43.98,92,"4,046.16","365,534","CN",18.85,3,4.5,10,8,2,"Hanobe-US","Home & Kitchen","Small Oversize","FBA","17.4x2.8x18.8",4.75,"1/17/2023"
"($) COZAYH Rustic Farmhouse End Table with Storage Shelf, French Country Accent Side for Family, Dinning or Living Room, Small Spaces, Modern, Round, Vintage Blue Finish, Curved Leg","B0BXW4MW7Q","https://www.amazon.com/dp/B0BXW4MW7Q?psc=1","https://m.media-amazon.com/images/I/81ndMrYZtGL._AC_SY450_.jpg","COZAYH",59.99,200,"11,998.00","201,964","US","n/a",1,4.4,361,7,10,"Cozayh","Home & Kitchen","n/a","MFN","n/a","n/a","3/9/2023"
"ChooChoo Console Table with Outlets and USB Ports, Narrow Sofa Table, Chic Accent Table for Living Room, Entryway, Hallway, Foyer, White","B09VD4CHPX","https://www.amazon.com/dp/B09VD4CHPX?psc=1","https://m.media-amazon.com/images/I/71YXv1Pk40L._AC_SX569_.jpg","ChooChoo",75.99,149,"11,322.51","268,895","CN",32.47,1,4.6,102,5,10,"ChooChoo Furniture","Home & Kitchen","Small Oversize","FBA","14.8x4.5x43.5",27.10,"3/12/2022"
"SIMPLIHOME Boyd SOLID MANGO WOOD 13 inch Wide Round Contemporary Wooden Accent Table in Black, Fully Assembled, for the Living Room and Bedroom","B092W7QJ6F","https://www.amazon.com/dp/B092W7QJ6F?psc=1","https://m.media-amazon.com/images/I/71nJk+buNVL._AC_SX569_.jpg","SIMPLIHOME",87.65,44,"3,856.60","202,146","AMZ",39.68,4,4.5,41,7,1,"Amazon","Home & Kitchen","Small Oversize","AMZ","16.5x16.3x21.3",19.70,"4/19/2021"
"HOOBRO End Table Set of 2 with Charging Station and USB Ports, 3-Tier Nightstands with Adjustable Shelf, Narrow Side Table for Small Space in Living Room, Bedroom and Balcony, Black BB112BZP201","B0BVHCVTFG","https://www.amazon.com/dp/B0BVHCVTFG?psc=1","https://m.media-amazon.com/images/I/61pmFKQ55GL._AC_SX569_.jpg","HOOBRO",69.99,"n/a","n/a","9,518","CN",22.79,1,4.4,365,9,26,"Hoobro","Home & Kitchen","Large Standard-Size","FBA","12.2x16.1x6.7",18.81,"5/8/2023"
"GYCZYCX C Shaped End Table,Round C Table,Snack Side Table for Sofa and Bed, Living Room(Black), 15D x 15W x 23H in","B0B5LBZTD2","https://www.amazon.com/dp/B0B5LBZTD2?psc=1","https://m.media-amazon.com/images/I/61v2spcxFoL._AC_SY355_.jpg","GYCZYCX",35.99,277,"9,969.23","47,364","CN",18.91,1,4.3,129,7,6,"GYCZYCX","Home & Kitchen","Small Oversize","FBA","17.5x3.0x24.0",8.85,"7/1/2022"
"($) COZAYH Rustic Farmhouse Coffee Table with Crisscross Base, French Country Accent Table for Family, Dinning or Living Room, Modern, Round, (PH0401-4)","B0B9721BTF","https://www.amazon.com/dp/B0B9721BTF?psc=1","https://m.media-amazon.com/images/I/81HiNqGCZBL._AC_SX679_.jpg","COZAYH",159.99,175,"27,998.25","77,009","US",61.11,1,4.4,409,9,11,"Cozayh","Home & Kitchen","Medium Oversize","MFN","38.8x39.0x4.0",22.25,"8/10/2022"
"($) FINECASA Wood Coffee Table,Round Coffee Table Living Room, Round Cocktail Table with Storage, Sofa Table with Shelf, 31.0x18.3 Inches, Accent Tables with Carved Legs for Living Room, White","B08R752QCR","https://www.amazon.com/dp/B08R752QCR?psc=1","https://m.media-amazon.com/images/I/810ORUuFOQL._AC_SY450_.jpg","FINECASA",189.90,37,"7,026.30","794,228","CN",66.20,1,4.2,87,7,2,"FINECASA","Home & Kitchen","Medium Oversize","FBA","34.0x5.5x34.3",28.35,"3/14/2021"
"($) COZAYH Farmhouse 2-Drawer Small Nightstand, Rustic Accent Bedside Table with Jute Rope Handles for Living Room, Bedroom, Natural Wood Color","B0C3CT48J1","https://www.amazon.com/dp/B0C3CT48J1?psc=1","https://m.media-amazon.com/images/I/91C9-71zLWL._AC_SX466_.jpg","COZAYH",109.99,"n/a","n/a","1,025,871","US","n/a",1,"n/a",0,"n/a",0,"Cozayh","Home & Kitchen","n/a","MFN","n/a","n/a","4/24/2023"
"($) Babion White Wicker Basket Storage Tower, Farmhouse Storage Cabinet with 1 Drawers and 3 Wicker Baskets, Wicker Dressers for Bedroom, Accent Table (3 Baksets,White)","B0B5KNMCTR","https://www.amazon.com/dp/B0B5KNMCTR?psc=1","https://m.media-amazon.com/images/I/81kwRkgW98L._AC_SX466_.jpg","Babion",109.99,83,"9,129.17","310,242","CN",44.29,1,4.2,19,9,6,"BABION HOME","Home & Kitchen","Small Oversize","MFN","16.5x34.2x10.6",42.50,"7/1/2022"
"LEMONDA 3 Legs Round End Table, 2 Tier Round Side Table with Storage Basket,11.8*17.8inches Round Metal Sofa Side Table,Small Round Nightstand,Small Coffee Table for Living Room Bedroom/Rustic Brown","B0BWRT9XP6","https://www.amazon.com/dp/B0BWRT9XP6?psc=1","https://m.media-amazon.com/images/I/61Js8vd9+8L._AC_SX466_.jpg","LEMONDA",29.99,555,"16,644.45","78,169","CN",12.63,1,4.4,45,9,11,"Lemonda-US","Home & Kitchen","Large Standard-Size","FBA","13.0x2.7x13.1",5.73,"2/24/2023"
"Small End Tables for Small Spaces – Small Side Table Living Room – Industrial Small Nightstand Bedroom –Narrow End Table – Slim Skinny Bedside Table – Little Thin Accent Table Tiny Drink Table","B09ZKQ7RLM","https://www.amazon.com/dp/B09ZKQ7RLM?psc=1","https://m.media-amazon.com/images/I/61pBHeZ8w9L._AC_SY450_.jpg","TOLONAG",29.99,127,"3,808.73","130,866","CN",13.71,1,4.2,169,7,7,"TOLONAG","Home & Kitchen","Large Standard-Size","FBA","11.2x4.3x17.3",6.72,"5/5/2022"
"Linon Seaboard Accent Table with Navy Finish AC132NAVY01U","B0B52GMSVK","https://www.amazon.com/dp/B0B52GMSVK?psc=1","https://m.media-amazon.com/images/I/51q9Zwbu-iL._AC_SY355_.jpg","Linon",120.82,1,120.82,"1,229,235","US","n/a",2,"n/a",0,8,0,"KART IT","Home & Kitchen","n/a","MFN","n/a","n/a","6/24/2022"
"Christopher Knight Home Darlah Small Firwood Antique Table, Antique, Antique Natural and Black With Blue, 10.25”D x 12.75”W x 19.50”H","B01N97MMUK","https://www.amazon.com/dp/B01N97MMUK?psc=1","https://m.media-amazon.com/images/I/71fXiwb3H0L._AC_SY450_.jpg","Christopher Knight Home",21.25,106,"2,252.50","141,735","AMZ",16.70,2,4.2,226,9,8,"Amazon","Home & Kitchen","Small Oversize","AMZ","13.4x5.0x20.8",7.05,"11/21/2016"
"Convenience Concepts Oxford End Table with Shelves, Gray","B01LZFJ957","https://www.amazon.com/dp/B01LZFJ957?psc=1","https://m.media-amazon.com/images/I/61+Menv-2dL._AC_SX679_.jpg","Convenience Concepts",36.54,699,"25,541.46","18,976","AMZ",24.03,20,4.6,"6,846",14,27,"Amazon","Home & Kitchen","Small Oversize","AMZ","19.5x5.9x26.0",19.23,"9/11/2016"
"Signature Design by Ashley Abbonto Traditional Accent Table with Drawers and Display Shelf, Brown","B075464R79","https://www.amazon.com/dp/B075464R79?psc=1","https://m.media-amazon.com/images/I/7174Sn3Ba5L._AC_SY450_.jpg","Signature Design by Ashley",187.65,39,"7,318.35","848,914","AMZ",65.18,4,4.6,469,4,5,"Amazon","Home & Kitchen","Small Oversize","AMZ","17.5x15.0x34.5",41.91,"n/a"
"Garden 4 you Folding Tray Metal Side Table Black Round End Table Cyan Sofa Small Accent Fold-able Table, Round End Table Tray, Next to Sofa Table, Snack Table for Living Room and Bed Room","B09F98S67Q","https://www.amazon.com/dp/B09F98S67Q?psc=1","https://m.media-amazon.com/images/I/51-ZxP64twL._AC_SX466_.jpg","Garden 4 you",27.99,438,"12,259.62","57,289","US",16.63,1,4.4,245,9,18,"Garden 4 you","Home & Kitchen","Small Oversize","FBA","18.8x1.3x20.3",3.50,"9/2/2021"
"Round Side Table with White Marble Top, Small End Table for Living Room Bedroom, Modern Nightstand with Storage Shelf, Accent Table with Metal Frame, Black","B091CBVFYM","https://www.amazon.com/dp/B091CBVFYM?psc=1","https://m.media-amazon.com/images/I/61Ue7NObF7L._AC_SY355_.jpg","Urraca",29.99,98,"2,939.02","337,406","CN",18.01,1,4.2,143,9,4,"Urraca Furniture","Home & Kitchen","Small Oversize","FBA","21.8x2.6x24.5",9.45,"3/29/2021"
"VECELO Side/End Table, Folding Round Metal Anti-Rust and Waterproof Outdoor or Indoor Tray for Living Room Bedroom Balcony and Office, 2 PCS, Blue","B08V4F4KPN","https://www.amazon.com/dp/B08V4F4KPN?psc=1","https://m.media-amazon.com/images/I/610eyyXqfKS._AC_SY450_.jpg","VECELO",41.27,"1,068","44,076.36","7,800","AMZ",19.28,1,4.5,376,8,38,"Amazon","Patio, Lawn & Garden","Small Oversize","AMZ","19.8x2.6x20.8",8.08,"n/a"
"VECELO Modern Night Stand/Sofa Side/End Storage Shelf X-Design Versatile Nightstands Lamp Table Living Room Bedroom Furniture,Easy Assembly, Brown","B07KX7VVFC","https://www.amazon.com/dp/B07KX7VVFC?psc=1","https://m.media-amazon.com/images/I/71oZIe-SJ4L._AC_SX679_.jpg","VECELO",55.99,"n/a","n/a","n/a","AMZ",25.27,8,4.6,"2,058",7,27,"Amazon","Home & Kitchen","Small Oversize","FBA","14.5x5.5x26.0",17.15,"11/28/2018"
"HOOBRO Side Table, 3-Tier Narrow End Table, Sofa Bedside Table, with Accent Decorative Ladder Shelf, for Small Space in Living Room, Bedroom, Metal Frame, Rustic Brown and Black BF68BZ01","B0BQQTTBFB","https://www.amazon.com/dp/B0BQQTTBFB?psc=1","https://m.media-amazon.com/images/I/71RzLz-CuWL._AC_SY450_.jpg","HOOBRO",49.99,"n/a","n/a","331,852","CN",22.69,1,"n/a",0,9,0,"Hoobro","Home & Kitchen","Small Oversize","FBA","13.1x4.1x25.6",13.80,"5/10/2023"
"Walker Edison Industrial Farmhouse Square Side End Accent Table Living Room Small End Accent Table, 18 Inch, Grey","B07LFTQKW3","https://www.amazon.com/dp/B07LFTQKW3?psc=1","https://m.media-amazon.com/images/I/71Kaxdg+gfL._AC_SX569_.jpg","Walker Edison",53.00,38,"2,014.00","394,455","AMZ",23.98,5,4.7,265,3,1,"Amazon","Home & Kitchen","Small Oversize","FBA","20.9x4.0x25.3",14.35,"n/a"
"Decor Therapy Bailey Bead Board 1-Drawer Accent Table, Antique Navy","B07WPX6GS1","https://www.amazon.com/dp/B07WPX6GS1?psc=1","https://m.media-amazon.com/images/I/51qKsGZ5DsL._AC_SX425_.jpg","Decor Therapy",49.01,274,"13,428.74","74,093","AMZ",30.10,12,4.6,"1,900",5,-9,"Amazon","Home & Kitchen","Small Oversize","FBA","18.4x11.4x20.8",15.08,"8/26/2019"
"ECOMEX Round End Table,Wood Side Table Accent Table, Small Coffee End Table Multipurpose Side Tables for Small Spaces Balcony Living Room Bedroom Office, White Desktop Black Legs","B0BS6FLZSF","https://www.amazon.com/dp/B0BS6FLZSF?psc=1","https://m.media-amazon.com/images/I/61dblVkVv-L._AC_SX679_.jpg","ECOMEX",29.99,222,"6,657.78","75,285","CN",19.00,1,4.4,23,9,5,"LIVABLE HOME","Home & Kitchen","Small Oversize","FBA","17.9x4.1x18.2",6.00,"1/12/2023"
"IDEALHOUSE 43 Inch Narrow Console Table, 2-Tier Wood Accent Sofa Table Furniture for Entryway, Living Room, Hallway, Easy Assembly (Grey, 43"" X 11.8"" X 30"")…","B097TJ5SZL","https://www.amazon.com/dp/B097TJ5SZL?psc=1","https://m.media-amazon.com/images/I/7114s6zGayL._AC_SX679_.jpg","IDEALHOUSE",74.99,310,"23,246.90","101,086","CN",34.84,5,4.7,405,10,13,"Yartaka shop","Home & Kitchen","Small Oversize","FBA","14.0x6.0x47.0",33.41,"2/3/2021"
"Small Round Side Table for Living Room, 2 Tiers Farmhouse End Tables Living Room Set Of 2, Accent Tables For Small Spaces，Night Stands for Bedrooms, Coffee Tables With Storage Shelf, Easy Assembly","B0BCJJS7K9","https://www.amazon.com/dp/B0BCJJS7K9?psc=1","https://m.media-amazon.com/images/I/61PJ370cxkL._AC_SY355_.jpg","SEHERTIWY",44.99,93,"4,184.07","115,627","CN",15.36,1,4.0,26,7,4,"SEHERTIWY Direct","Home & Kitchen","Large Standard-Size","FBA","13.7x3.8x15.8",7.10,"8/31/2022"
"Christopher Knight Home Apollos Indoor Lace Cut Iron Accent Table, Black","B0797N6HCZ","https://www.amazon.com/dp/B0797N6HCZ?psc=1","https://m.media-amazon.com/images/I/71vobBkL2RL._AC_SX679_.jpg","Christopher Knight Home",42.09,78,"3,283.02","330,164","AMZ",27.80,5,4.6,291,6,1,"Amazon","Home & Kitchen","Small Oversize","AMZ","14.0x13.7x20.5",7.70,"n/a"
"Monarch Specialties Dark Taupe Accent Table, 32""","B00QUE53CA","https://www.amazon.com/dp/B00QUE53CA?psc=1","https://m.media-amazon.com/images/I/81KhPJ3zloL._AC_SX466_.jpg","Monarch Specialties",89.87,46,"4,134.02","658,887","AMZ",33.29,17,4.6,533,3,2,"Amazon","Home & Kitchen","Small Oversize","AMZ","17.0x40.0x5.0",15.00,"n/a"
"AWASEN Side Table Round, Small Side Table Modern End Accent Table for Living Room Bedroom Office Small Spaces, 16''D x 19.5''H (Rustic Brown)","B0BXSL9HJV","https://www.amazon.com/dp/B0BXSL9HJV?psc=1","https://m.media-amazon.com/images/I/51JNa7Ogj7L._AC_SX466_.jpg","AWASEN",38.99,"1,266","49,361.34","21,397","CN",18.10,1,4.6,907,6,892,"Awasen Direct","Home & Kitchen","Small Oversize","FBA","17.5x3.0x17.6",5.50,"3/8/2023"
"Yoobure C Shaped End Table Set of 2, Side Table for Couch and Bed, Small Side Table for Small Spaces, Living Room, Bedroom, Rustic Snack Table","B0BNBRRRLP","https://www.amazon.com/dp/B0BNBRRRLP?psc=1","https://m.media-amazon.com/images/I/61GgOnQInfL._AC_SY450_.jpg","Yoobure",45.04,761,"34,275.44","26,076","HK",17.77,1,4.6,313,7,44,"Super A Plus","Home & Kitchen","Large Standard-Size","FBA","12.7x4.8x17.2",14.88,"1/28/2023"
"Rustic Old Elm Wood Round End Table with 3-Leg Metal Stand","B074DQ9S1F","https://www.amazon.com/dp/B074DQ9S1F?psc=1","https://m.media-amazon.com/images/I/81UGzCOz9nL._AC_SX425_.jpg","WELLAND",69.99,119,"8,328.81","288,013","US",24.01,2,4.7,378,6,2,"WELLAND","Home & Kitchen","Small Oversize","FBA","17.5x2.8x20.3",8.95,"7/30/2017"
"Fixwal Side Table Small End Table Accent Table Living Room Bedroom Balcony Office, Modern White Side Table Bedside Table Home Decor No-Tool Assembly","B0BY1J4N7V","https://www.amazon.com/dp/B0BY1J4N7V?psc=1","https://m.media-amazon.com/images/I/61JSAesNGKL._AC_SX569_.jpg","Fixwal",21.99,"n/a","n/a","303,048","CN",11.43,1,4.5,15,7,0,"Momok","Home & Kitchen","Large Standard-Size","FBA","13.2x2.9x16.9",5.58,"3/10/2023"
"Small Side Table, Wood Small End Table Accent Table for Living Room Bedroom Small Spaces, Modern Home Decor Night Stand Bedside Tables, Easy to Assemble, Black","B0BS96QKRS","https://www.amazon.com/dp/B0BS96QKRS?psc=1","https://m.media-amazon.com/images/I/61vzQJAF67L._AC_SX425_.jpg","Calidohome",24.99,"n/a","n/a","213,380","CN",12.20,1,"n/a",0,7,0,"hitoyot","Home & Kitchen","Large Standard-Size","FBA","13.7x3.9x17.5",6.55,"1/13/2023"
"Winsome Wood Sasha Accent Table, Black, 20.00 x 20.00 x 27.00 Inches","B000NPSGRG","https://www.amazon.com/dp/B000NPSGRG?psc=1","https://m.media-amazon.com/images/I/61QiEqQWmnL._AC_SX425_.jpg","Winsome",66.18,106,"7,015.08","209,521","AMZ",28.59,20,4.6,"2,134",6,3,"Amazon","Home & Kitchen","Small Oversize","AMZ","23.0x6.0x27.0",16.20,"4/15/2004"
"INK+IVY Blaze Accent Tables - Wood Side Table - Pecan, Mid-Century Modern Style End Tables - 1 Piece Small Tables For Living Room","B011BQSPVW","https://www.amazon.com/dp/B011BQSPVW?psc=1","https://m.media-amazon.com/images/I/51++0BjvXhL._AC_SX679_.jpg","INK+IVY",140.00,87,"12,180.00","288,941","AMZ",40.92,3,4.4,374,5,2,"Amazon","Home & Kitchen","Small Oversize","AMZ","24.0x6.3x24.1",14.20,"n/a"
"Apicizon 16"" Round Side Table, Black End Table for Living Room, Bedside, Mid Century Modern Coffee Table or Circle Accent Table for Small Spaces, Metal Nightstand (Black)","B08RS4JCJH","https://www.amazon.com/dp/B08RS4JCJH?psc=1","https://m.media-amazon.com/images/I/71F3XvGXqVL._AC_SX679_.jpg","Apicizon",32.99,264,"8,709.36","54,741","CN",16.78,1,4.4,381,7,3,"APICIZON","Home & Kitchen","Small Oversize","FBA","16.0x2.5x17.0",5.40,"3/10/2021"
"ChooChoo Farmhouse End Table, Rustic Vintage Narrow End Side Table with Storage Shelf for Small Spaces, Nightstand Sofa Table for Living Room, Bedroom White","B09L82CQX7","https://www.amazon.com/dp/B09L82CQX7?psc=1","https://m.media-amazon.com/images/I/71xhljL+dEL._AC_SY355_.jpg","ChooChoo",65.99,615,"40,583.85","55,098","CN",26.77,1,4.7,203,6,31,"ChooChoo Furniture","Home & Kitchen","Small Oversize","FBA","14.7x6.1x27.2",16.76,"11/8/2021"
"Bamworld Rattan Side Table Boho Night Stand Glass Bedside Table Small End Tables Bamboo Side Tables Bedroom Coffee Table with Storage for Living Room and Outdoor Nature","B0BW352SCK","https://www.amazon.com/dp/B0BW352SCK?psc=1","https://m.media-amazon.com/images/I/81oNcaDtmBL._AC_SX569_.jpg","Bamworld",69.99,616,"43,113.84","39,268","CN",25.27,1,4.6,98,5,4,"meeeu shop","Home & Kitchen","Small Oversize","FBA","16.7x4.2x24.9",11.20,"2/17/2023"
"Furinno 17017 Turn-N-Tube End Table, 1-Pack, Espresso","B075H7XP3D","https://www.amazon.com/dp/B075H7XP3D?psc=1","https://m.media-amazon.com/images/I/41iqh41qQaL._AC_SY450_.jpg","Furinno",25.47,673,"17,141.31","39,195","AMZ",17.89,13,4.3,"7,082",10,57,"Amazon","Home & Kitchen","Small Oversize","FBA","13.9x3.9x21.7",8.38,"9/8/2017"
"Dulcii Small Round End Table for Narrow and Small Space, 3-Tier Round Accent Couch Beside Table, Modern Side Table Corner Sofa Table Nightstand for Living Room Bedroom","B09XF14L3T","https://www.amazon.com/dp/B09XF14L3T?psc=1","https://m.media-amazon.com/images/I/611MkiHgJZL._AC_SX466_.jpg","Dulcii",42.99,126,"5,416.74","174,755","CN",18.70,1,4.6,195,9,24,"GIOPACO OFFICIAL","Home & Kitchen","Small Oversize","FBA","11.7x2.0x18.1",6.45,"9/19/2022"
"Mirrored End Table with Glass Mirrored Coasters Modern Silver Accent Table Bling Mirror Side Table Crushed Crystal Coasters Crushed Diamond Cup Mat for Living Room Home Kitchen (Round, 3 Pcs)","B0BDS25Y9T","https://www.amazon.com/dp/B0BDS25Y9T?psc=1","https://m.media-amazon.com/images/I/61lvKB60HjL._AC_SY450_.jpg","Weysat",53.99,93,"5,021.07","207,041","CN",15.91,1,3.7,58,7,8,"Chillhall","Home & Kitchen","Large Standard-Size","FBA","14.0x3.4x14.1",4.40,"9/9/2022"
"COZAYH Farmhouse Nesting Barrel Side Table, Rustic Space Saving Storage End Table Set, Natural Distressed Finish","B09WQWT32C","https://www.amazon.com/dp/B09WQWT32C?psc=1","https://m.media-amazon.com/images/I/81mT6i6hlCL._AC_SX425_.jpg","COZAYH",159.99,80,"12,799.20","214,013","US","n/a",1,4.6,35,5,2,"Cozayh","Home & Kitchen","n/a","MFN","n/a","n/a","3/29/2022"