"Product Details","ASIN","URL","Image URL","Brand","Price $","Sales","Revenue","BSR","Seller Country/Region","Fees $","Active Sellers #","Ratings","Review Count","Images","Review velocity","Buy Box","Category","Size Tier","Fulfillment","Dimensions","Weight","Creation Date"
"($) Amazon Basics Lift-Top Storage Coffee Table, Black","B07J29V51Q","https://www.amazon.com/dp/B07J29V51Q?psc=1","https://m.media-amazon.com/images/I/618HEDWXJQL._AC_SX450_.jpg","Amazon Basics",141.51,"n/a","n/a","4,287","AMZ",56.16,1,4.4,"1,644",6,0,"Amazon","Our Brands","Small Oversize","AMZ","22.5x8.8x42.5",50.27,"6/12/2019"
"Whiteline Modern Living Cory Coffee Table, White/Grey","B0BR8HLNDM","https://www.amazon.com/dp/B0BR8HLNDM?psc=1","https://m.media-amazon.com/images/I/81LEV0EwSpL._AC_SX355_.jpg","Whiteline Modern Living","1,528.20",0,0.00,"5,183,169","AMZ",340.60,3,"n/a",0,4,0,"Amazon","Home & Kitchen","Special Oversize","AMZ","44.0x44.0x12.0",113.00,"12/28/2022"
"Furinno Modern Simplistic Criss-Crossed Coffee Table, 35.4 in x 19.6 in x 16 in, French Oak Grey","B08XX3V5DD","https://www.amazon.com/dp/B08XX3V5DD?psc=1","https://m.media-amazon.com/images/I/51mzdHOFD8L._AC_SY450_.jpg","Furinno",26.32,"1,312","34,531.84","9,235","AMZ",22.08,10,3.4,"2,364",6,54,"Amazon","Home & Kitchen","Small Oversize","FBA","22.1x2.0x37.9",20.55,"3/3/2021"
"Sweetcrispy Coffee Table, Lift Top Coffee Tables for Living Room,Rising Tabletop Wood Dining Center Tables with Storage Shelf and Hidden Compartment","B0C5X64YMX","https://www.amazon.com/dp/B0C5X64YMX?psc=1","https://m.media-amazon.com/images/I/71tc5bm9a3L._AC_SY450_.jpg","Sweetcrispy",69.99,245,"17,147.55","16,368","AMZ",34.51,2,4.5,73,9,0,"Amazon","Home & Kitchen","Small Oversize","AMZ","18.0x40.0x4.0",35.00,"5/22/2023"
"Furinno Simple Design Coffee Table, Dark Brown","B00IZCW4Q8","https://www.amazon.com/dp/B00IZCW4Q8?psc=1","https://m.media-amazon.com/images/I/51SkB6VtgDL._AC_SY355_.jpg","Furinno",24.11,"2,070","49,907.70","11,315","AMZ",21.33,20,4.1,"14,425",5,122,"Amazon","Home & Kitchen","Small Oversize","FBA","24.0x2.8x38.0",19.10,"3/11/2014"
"WLIVE Wood Lift Top Coffee Table with Hidden Compartment and Adjustable Storage Shelf, Lift Tabletop Dining Table for Home Living Room, Office, Rustic Oak","B084ZH1LYN","https://www.amazon.com/dp/B084ZH1LYN?psc=1","https://m.media-amazon.com/images/I/81xhCy8yQ6L._AC_SX466_.jpg","WLIVE",99.99,"4,833","483,251.67","5,249","CN",43.63,5,4.3,"5,087",9,146,"WLIVE","Home & Kitchen","Small Oversize","FBA","21.8x4.5x42.5",45.11,"5/29/2020"
"Yaheetech Lift Top Coffee Table with Hidden Compartment and Storage Shelf, Rising Tabletop Dining Table for Living Room Reception Room, 38.6in L, Black","B09F9BL46G","https://www.amazon.com/dp/B09F9BL46G?psc=1","https://m.media-amazon.com/images/I/51n8I7oB94L._AC_SY450_.jpg","Yaheetech",79.99,"5,457","436,505.43","6,606","US",40.21,1,4.5,"13,806",9,211,"Yaheetech","Home & Kitchen","Small Oversize","MFN","23.1x4.0x43.7",44.36,"12/27/2019"
"Household Essentials Jamestown Round Coffee Table Ashwood Rustic Wood Grain and Black Metal, 31.5 x 31.5","B01FXOLJBQ","https://www.amazon.com/dp/B01FXOLJBQ?psc=1","https://m.media-amazon.com/images/I/61YqQWWQaFL._AC_SX569_.jpg","Household Essentials",62.50,"1,649","103,062.50","9,558","AMZ",37.25,9,4.5,"11,944",12,"6,110","Amazon","Home & Kitchen","Medium Oversize","AMZ","33.1x2.7x33.3",20.15,"n/a"
"SUPER DEAL 2-Tier Industrial Coffee Table with Storage Shelf for Small Apartment Living Room, Rectangle Wood and Stable Metal TV Stand Side End Table, Rustic Brown","B08N4TDMF4","https://www.amazon.com/dp/B08N4TDMF4?psc=1","https://m.media-amazon.com/images/I/71CuUQLcDhL._AC_SX569_.jpg","SUPER DEAL",48.99,"1,176","57,612.24","30,687","CN",58.47,1,4.6,922,7,47,"SuperDealUsa","Home & Kitchen","Medium Oversize","MFN","16.5x20.0x31.5",25.00,"11/9/2020"
"Ameriwood Home Parsons Modern Coffee Table, Black","B005QLJL3K","https://www.amazon.com/dp/B005QLJL3K?psc=1","https://m.media-amazon.com/images/I/81UdbeScHLL._AC_SX425_.jpg","DHP",42.84,775,"33,201.00","30,022","AMZ",22.04,1,4.3,"5,209",8,23,"Amazon","Home & Kitchen","Small Oversize","AMZ","19.8x2.0x47.0",14.94,"9/28/2011"
"($) jiexi Nesting Sintered Stone Side Table, Set of 2 Coffee Table, Living Room Sofa Black End Table with Sturdy Carbon Steel Frame, Bedside Table for Home and Office","B0BVR5GN6C","https://www.amazon.com/dp/B0BVR5GN6C?psc=1","https://m.media-amazon.com/images/I/81ZHqY5A-0L._AC_SX679_.jpg","jiexi",99.99,33,"3,299.67","615,493","CN",71.43,2,5.0,2,6,0,"Nice Furniture for You","Home & Kitchen","Medium Oversize","MFN","19.0x31.0x18.0",90.00,"2/14/2023"
"($) VECELO Coffee Table for Living Room with Storage Compartment Shelf, Rustic Brown","B0C4GJJTTM","https://www.amazon.com/dp/B0C4GJJTTM?psc=1","https://m.media-amazon.com/images/I/711jUhouSQL._AC_SX425_.jpg","VECELO",42.19,"n/a","n/a","261,370","AMZ",24.04,1,5.0,11,7,7,"Amazon","Home & Kitchen","Small Oversize","AMZ","24.0x38.6x2.9",19.40,"5/6/2023"
"($) WLIVE Lift Top Coffee Table with Storage,Hidden Compartment and Open Shelf,Living Room Tables with Metal Mesh Door Cabinet for Home, Office,Rustic Brown","B0BBQL9FL1","https://www.amazon.com/dp/B0BBQL9FL1?psc=1","https://m.media-amazon.com/images/I/81mfPTQ2E+L._AC_SX425_.jpg","WLIVE",119.99,330,"39,596.70","105,916","CN",49.99,1,4.4,"1,087",8,12,"WLIVE","Home & Kitchen","Small Oversize","FBA","24.8x3.9x43.9",53.26,"8/24/2022"
"($) WLIVE Modern Lift Top Coffee Table,Rustic Coffee Table with Storage Shelf and Hidden Compartment,Wood Lift Tabletop for Home Living Room,Brown Oak.","B0BKQ1Q798","https://www.amazon.com/dp/B0BKQ1Q798?psc=1","https://m.media-amazon.com/images/I/815Uc2aig-L._AC_SX425_.jpg","WLIVE",79.99,708,"56,632.92","37,527","CN",39.52,1,4.1,334,6,40,"WLIVE","Home & Kitchen","Small Oversize","FBA","21.5x3.5x42.3",40.51,"10/27/2022"
"Best Choice Products Wooden Mid-Century Modern Coffee Table, Accent Furniture for Living Room, Indoor, Home Décor w/Open Storage Shelf, Wood Grain Finish - White/Brown","B08LHN8CL1","https://www.amazon.com/dp/B08LHN8CL1?psc=1","https://m.media-amazon.com/images/I/71OSGBbTjvL._AC_SX569_.jpg","Best Choice Products",69.99,912,"63,830.88","47,564","US",33.25,1,4.4,"3,092",7,32,"BestChoiceproducts","Home & Kitchen","Small Oversize","MFN","22.4x46.4x3.5",31.70,"8/19/2020"
"FDW Lift Top Coffee Table with Hidden Compartment and Storage Shelf Wooden Lift Tabletop for Home Living Room Reception Room Office (Brown)","B08W8NJGNX","https://www.amazon.com/dp/B08W8NJGNX?psc=1","https://m.media-amazon.com/images/I/71QOZKHT7WL._AC_SY355_.jpg","FDW",40.99,"2,303","94,399.97","15,424","US",39.82,1,4.2,"1,522",7,106,"Cavalier Store","Home & Kitchen","Small Oversize","MFN","24.0x43.0x5.0",58.00,"2/9/2021"
"SAYGOER Small Coffee Table Modern Coffee Table Rustic Farmhouse Coffee Table Oval Mid Century Coffee Table Retro Accent Center Table for Living Room Easy Assembly, Walnut Oak","B08V8Y5HL7","https://www.amazon.com/dp/B08V8Y5HL7?psc=1","https://m.media-amazon.com/images/I/71hKGKZNCYS._AC_SX679_.jpg","SAYGOER",79.88,341,"27,239.08","69,206","CN",30.11,1,4.4,529,7,11,"SAYGOER DIRECT","Home & Kitchen","Small Oversize","FBA","25.5x2.5x44.6",17.25,"12/28/2020"
"YITAHOME Wood Lift Top Coffee Table with Storage, Side Drawer & Metal Frame, Lift Tabletop Dining Tea Tables for Living Room, Reception Room, Office, Brown","B09DY8F8SX","https://www.amazon.com/dp/B09DY8F8SX?psc=1","https://m.media-amazon.com/images/I/A18nB03XsMS._AC_SX522_.jpg","YITAHOME",89.99,129,"11,608.71","6,093","US",47.17,1,4.0,128,8,6,"YITAMOTOR","Unique Finds","Small Oversize","MFN","24.2x47.6x5.3",57.32,"8/31/2021"
"($) WLIVE Lift Top Coffee Table with Storage,Small Coffee Table with Drawers for Living Room,Hidden Compartment and Open Shelf,Central Table for Reception Room,Rustic Brown","B0BRB12W8X","https://www.amazon.com/dp/B0BRB12W8X?psc=1","https://m.media-amazon.com/images/I/81jRlgOs1RL._AC_SY450_.jpg","WLIVE",139.99,"n/a","n/a","146,114","CN",55.09,1,5.0,1,7,0,"WLIVE","Home & Kitchen","Small Oversize","FBA","23.0x5.5x43.5",60.01,"12/29/2022"
"($) WLIVE Lift Top Coffee Table for Living Room,Coffee Table with Storage,Hidden Compartment and Metal Frame, Central Table for Reception Room,Espresso","B0BBQ2XMCH","https://www.amazon.com/dp/B0BBQ2XMCH?psc=1","https://m.media-amazon.com/images/I/711JULsbk6L._AC_SY355_.jpg","WLIVE",109.99,276,"30,357.24","92,861","CN",43.87,1,3.8,122,8,19,"WLIVE","Home & Kitchen","Small Oversize","FBA","21.7x5.0x42.5",42.61,"8/24/2022"
"($) WLIVE Lift Top Coffee Table for Living Room,Coffee Table with Storage,Hidden Compartment and Metal Frame, Central Table with 4 Casters for Reception Room,Rustic Brown.","B0BJ6WJVG2","https://www.amazon.com/dp/B0BJ6WJVG2?psc=1","https://m.media-amazon.com/images/I/81lnK7rT8UL._AC_SX466_.jpg","WLIVE",99.99,163,"16,298.37","114,787","CN",41.95,1,4.1,42,9,5,"WLIVE","Home & Kitchen","Small Oversize","FBA","22.5x4.0x45.0",44.01,"10/14/2022"
"($) Hekman Furniture Bailey Coffee Table","B09V9GSM8X","https://www.amazon.com/dp/B09V9GSM8X?psc=1","https://m.media-amazon.com/images/I/71GfEpvspCL._AC_SX466_.jpg","Hekman Furniture","1,006.01",1,"1,006.01","2,130,854","AMZ",243.74,1,"n/a",0,9,0,"Amazon","Home & Kitchen","Large Oversize","AMZ","45.0x9.5x46.0",65.01,"3/10/2022"
"Iwell Mid Century Coffee Table with Drawer and Storage Shelf for Living Room, Wood Cocktail Table, Accent TV Table for Reception Room/Office, Easy to Assemble, Rustic Brown","B07P8RFHGR","https://www.amazon.com/dp/B07P8RFHGR?psc=1","https://m.media-amazon.com/images/I/51dY44nQPNL._AC_SX425_.jpg","Iwell",89.99,214,"19,257.86","79,325","CN",42.13,1,4.2,"2,654",9,7,"Iwellove","Home & Kitchen","Small Oversize","FBA","24.3x3.5x50.5",45.71,"4/17/2019"
"Best Choice Products 44in Modern Industrial Style Rectangular Wood Grain Top Coffee Table, Rustic Accent Furniture for Living Room w/Metal Frame, 1.25in Thick Butcher Block Tabletop - Brown","B084H1WTJM","https://www.amazon.com/dp/B084H1WTJM?psc=1","https://m.media-amazon.com/images/I/71RlzDFxx6L._AC_SX466_.jpg","Best Choice Products",79.99,"1,168","93,428.32","37,835","n/a",34.42,2,4.3,794,7,13,"n/a","Home & Kitchen","Small Oversize","MFN","24.4x46.5x3.9",22.25,"2/3/2020"
"2-Tier Farmhouse 41'' Large Gray Wood Coffee Table with Storage Shelf -Modern Rustic Metal Rectangle Center Living Room Coffee Table Accent Furniture for Home Office,Easy Assembly","B0BKZBMB64","https://www.amazon.com/dp/B0BKZBMB64?psc=1","https://m.media-amazon.com/images/I/913Db4e70CL._AC_SX679_.jpg","IDEALHOUSE",89.99,320,"28,796.80","42,608","CN",31.51,2,4.6,21,8,4,"IDEALHOUSE Direct","Home & Kitchen","Small Oversize","MFN","7.8x44.8x8.2",34.40,"10/31/2022"
"Furinno Oval Coffee Table, Walnut","B01K8JES14","https://www.amazon.com/dp/B01K8JES14?psc=1","https://m.media-amazon.com/images/I/611xzTBToJL._AC_SX679_.jpg","Furinno",37.48,"n/a","n/a","75,786","AMZ",21.65,10,3.7,"2,884",8,"2,135","Amazon","Home & Kitchen","Small Oversize","FBA","22.0x1.6x38.0",15.85,"8/11/2016"
"($) Zerifevni Round Dining Table Set, Mid Century Modern Round Dining Table 35 INCH, Leisure Coffee Table, Saving Space (X-Grey)","B0BHPCTD1H","https://www.amazon.com/dp/B0BHPCTD1H?psc=1","https://m.media-amazon.com/images/I/810AepJ-GtL._AC_SX466_.jpg","Zerifevni",699.00,61,"42,639.00","544,050","CN","n/a",2,4.2,108,7,1,"HIPIHOM Official Store","Home & Kitchen","n/a","MFN","n/a","n/a","10/8/2022"
"($) IDEALHOUSE Rectangle Coffee Table 2-Tier Farmhouse Coffee Table for Living Room Industrial Wood Look Grey Tea Table with Easy Assembly Accent Storage Shelf and X Metal Frame","B08QD6SBC2","https://www.amazon.com/dp/B08QD6SBC2?psc=1","https://m.media-amazon.com/images/I/91wW2JysWkL._AC_SX425_.jpg","IDEALHOUSE",108.99,148,"16,130.52","269,969","CN",45.55,6,4.3,335,7,8,"Yartaka shop","Home & Kitchen","Small Oversize","MFN","24.8x4.8x44.8",44.81,"12/11/2020"
"($) YITAHOME Wood Lift Top Coffee Table with Storage, Side Drawer & Metal Frame, Lift Tabletop Dining Tea Tables for Living Room, Reception Room, Office, Brown","B09DY8F8SX","https://www.amazon.com/dp/B09DY8F8SX?psc=1","https://m.media-amazon.com/images/I/A18nB03XsMS._AC_SX522_.jpg","YITAHOME",89.99,129,"11,608.71","6,093","US",47.17,1,4.0,128,8,6,"YITAMOTOR","Unique Finds","Small Oversize","MFN","24.2x47.6x5.3",57.32,"8/31/2021"
"BOWERY HILL Round Glass Top Coffee Table End Table in Black and Gold","B07HJGVFRT","https://www.amazon.com/dp/B07HJGVFRT?psc=1","https://m.media-amazon.com/images/I/51oTuBq8QgL._AC_SX425_.jpg","BOWERY HILL",525.95,24,"12,622.80","647,755","US","n/a",1,5.0,18,4,3,"Cymax","Home & Kitchen","n/a","MFN","n/a","n/a","9/20/2018"
"Lavish Home Coffee Table with Hairpin Legs, (L) 41.25” x (W) 19.5” x (H) 17.75”, Brown","B08Y99JVBZ","https://www.amazon.com/dp/B08Y99JVBZ?psc=1","https://m.media-amazon.com/images/I/A1YYPvFOKgL._AC_SX466_.jpg","Lavish Home",56.97,46,"2,620.62","280,916","AMZ",28.59,4,4.5,260,7,0,"Amazon","Home & Kitchen","Small Oversize","AMZ","21.5x3.5x47.0",22.10,"3/8/2021"
"ChooChoo Mission Coffee Table, Black Wood Living Room Table with Shelf, 40 Black","B07T24P7MP","https://www.amazon.com/dp/B07T24P7MP?psc=1","https://m.media-amazon.com/images/I/71eymqAE8sL._AC_SX466_.jpg","ChooChoo",109.99,737,"81,062.63","37,566","CN",28.68,1,4.4,"1,140",6,32,"ChooChoo Furniture","Home & Kitchen","Small Oversize","FBA","25.1x5.0x44.0",41.76,"6/12/2019"
"Furinno Coffee Table with Bins, Espresso/Brown","B004UMDLPK","https://www.amazon.com/dp/B004UMDLPK?psc=1","https://m.media-amazon.com/images/I/61+CZlAkNqL._AC_SX425_.jpg","Furinno",24.39,758,"18,487.62","52,300","AMZ",23.47,13,4.1,"7,733",13,75,"Amazon","Home & Kitchen","Small Oversize","AMZ","21.6x3.3x34.2",24.60,"3/31/2011"
"SAYGOER Black Coffee Table Small Square Coffee Tables Simple Modern Center Table for Living Room Home Office 27.6 * 27.6 * 15.7Inch, Easy Assembly, Black Faux Marble","B092C6QHQT","https://www.amazon.com/dp/B092C6QHQT?psc=1","https://m.media-amazon.com/images/I/914yklcZg3L._AC_SY450_.jpg","SAYGOER",69.97,346,"24,209.62","91,081","CN",28.63,7,4.6,636,7,9,"SAYGOER DIRECT","Home & Kitchen","Small Oversize","FBA","28.0x3.0x30.3",20.60,"8/5/2021"
"Signature Design by Ashley Norcastle Vintage Oval Coffee Table with Beveled Glass Top & Scrollwork Legs, Dark Brown","B00132FTA0","https://www.amazon.com/dp/B00132FTA0?psc=1","https://m.media-amazon.com/images/I/719YHfFZGZL._AC_SX425_.jpg","Signature Design by Ashley",359.99,56,"20,159.44","273,951","AMZ",153.41,5,4.5,711,10,6,"Amazon","Home & Kitchen","Large Oversize","AMZ","37.5x7.5x54.5",76.41,"7/26/2005"
"SAYGOER Glass Coffee Table, Small Modern Coffee Table Square Simple Center Tables for Living Room 26.7 x 26.7 x 15.7 Inches, Gray Black","B094NTR166","https://www.amazon.com/dp/B094NTR166?psc=1","https://m.media-amazon.com/images/I/91cTZVQORnL._AC_SX425_.jpg","SAYGOER",79.88,558,"44,573.04","46,039","CN",32.21,7,4.7,696,9,29,"SAYGOER DIRECT","Home & Kitchen","Small Oversize","FBA","29.2x2.5x34.7",25.85,"5/11/2021"
"VINGLI Lift Top Coffee Table, White Coffee Table with Lift Top, Lift Up Coffee Table with Storage Shelf/Hidden Compartment, Gas Lift Coffee Table Mesa De Centro para Sala Pop Up Coffee Table","B09B9YLQ8N","https://www.amazon.com/dp/B09B9YLQ8N?psc=1","https://m.media-amazon.com/images/I/81Gn1tgg1TL._AC_SX466_.jpg","VINGLI",118.99,262,"31,175.38","92,055","HK",47.74,2,4.3,427,8,8,"VINGLI-Direct","Home & Kitchen","Small Oversize","MFN","22.0x4.5x44.5",48.86,"7/27/2021"
"Furinno Andrey Coffee Table with Bin Drawer, Amber Pine/Black","B09TG95RJJ","https://www.amazon.com/dp/B09TG95RJJ?psc=1","https://m.media-amazon.com/images/I/6197utG4uVL._AC_SX425_.jpg","Furinno",42.35,88,"3,726.80","251,271","AMZ",25.74,9,4.4,129,6,0,"Amazon","Home & Kitchen","Small Oversize","FBA","21.5x3.0x34.0",23.81,"2/25/2022"
"SICOTAS Lift Top Coffee Tables for Living Room with Storage Shelf & Hidden Compartment 47.2"" large Rattan Farmhouse Boho Mid Century Wood Center Tables 26.8"" Tall Unique Tea Table for Office Apartment","B0C4YQM53B","https://www.amazon.com/dp/B0C4YQM53B?psc=1","https://m.media-amazon.com/images/I/811hZ3GUtCL._AC_SY450_.jpg","SICOTAS",149.99,"n/a","n/a","329,301","CN",74.31,1,"n/a",0,9,0,"SICOTAS","Home & Kitchen","Medium Oversize","MFN","27.6x53.0x7.5",79.00,"5/11/2023"
"Panana Manhattan Gate Engineered Wood Coffee Table (White with Drawers)","B0BS3PHWHN","https://www.amazon.com/dp/B0BS3PHWHN?psc=1","https://m.media-amazon.com/images/I/81DGAN21iZL._AC_SX679_.jpg","Panana",118.99,67,"7,972.33","184,396","CN",56.64,2,5.0,14,3,0,"superhousees","Home & Kitchen","Medium Oversize","FBA","31.5x5.0x33.0",47.26,"1/11/2023"
"Best Choice Products 2-Tier 35.5in Round Industrial Coffee Table, Rustic Steel Accent Table for Living Room, w/Wooden Tabletop, Reinforced Crossbars, Padded Feet, Open Shelf, Raised Bottom - Brown","B088P7S2SP","https://www.amazon.com/dp/B088P7S2SP?psc=1","https://m.media-amazon.com/images/I/81o4PYnSnkL._AC_SX466_.jpg","Best Choice Products",99.99,424,"42,395.76","81,924","US",56.73,1,4.7,959,7,14,"BestChoiceproducts","Home & Kitchen","Medium Oversize","MFN","37.0x37.0x5.5",32.00,"5/15/2020"
"SUPER DEAL Modern Wood Coffee Table, Mid-Century Small Dining Table TV Stand with Ample Storage Spaces for Living Room, Bedroom Apartment, 40 inch Industrial Rustic Brown","B09JGFQW5H","https://www.amazon.com/dp/B09JGFQW5H?psc=1","https://m.media-amazon.com/images/I/71IF2O4OhoL._AC_SX425_.jpg","SUPER DEAL",38.89,165,"6,416.85","309,334","CN","n/a",1,4.6,152,7,9,"SuperDealUsa","Home & Kitchen","n/a","MFN","n/a","n/a","10/14/2021"
"Mopio Ensley Coffee Table, Mid Century Modern Coffee Table with Storage, Rectangle Living Room Tables, Center Table, Walnut Grain","B08R5XVX2B","https://www.amazon.com/dp/B08R5XVX2B?psc=1","https://m.media-amazon.com/images/I/81hIOdz9yNL._AC_SX679_.jpg","mopio",187.00,392,"73,304.00","70,893","US",60.04,1,4.6,460,6,47,"MopioInc","Home & Kitchen","Small Oversize","MFN","24.6x44.5x5.5",54.00,"6/10/2021"
"Best Choice Products 36in Modern Round Tempered Glass Accent Side Coffee Table for Living Room, Dining Room, Tea, Home Décor w/Metal Frame, Non-Marring Foot Caps - Black","B08ZCF16PG","https://www.amazon.com/dp/B08ZCF16PG?psc=1","https://m.media-amazon.com/images/I/71rwnVAvfgL._AC_SY450_.jpg","Best Choice Products",89.99,502,"45,174.98","56,861","US",51.87,1,4.7,"2,126",8,24,"BestChoiceproducts","Home & Kitchen","Medium Oversize","MFN","38.5x39.3x4.3",30.00,"9/14/2020"
"FIRMINANA Small Oval Coffee Table for Small Space Mid Century Modern Coffee Table for Living Room Center Table Minimalist Display Black Coffe Table,Nature Wood(33.5in","B0B15BF4DD","https://www.amazon.com/dp/B0B15BF4DD?psc=1","https://m.media-amazon.com/images/I/615zu1zoK-L._AC_SX522_.jpg","FIRMINANA",89.99,697,"62,723.03","40,761","CN",29.11,4,4.2,184,8,-9,"Firminana","Home & Kitchen","Small Oversize","FBA","23.0x2.0x39.2",14.75,"5/12/2022"
"WOHOMO Nesting Coffee Table Set of 2, Small Round Side Table and Rectangular Coffee Table, 2 in 1 Industrial Modern Style Coffee Table for Living Room, Detachable 2 Pieces Set, White Marble","B09BZG2TDC","https://www.amazon.com/dp/B09BZG2TDC?psc=1","https://m.media-amazon.com/images/I/71PXMjiYqHL._AC_SX425_.jpg","WOHOMO",95.99,368,"35,324.32","84,169","CN",40.09,5,4.5,743,6,41,"Wohomo","Home & Kitchen","Small Oversize","FBA","25.3x3.7x35.7",38.41,"8/5/2021"
"WLIVE Coffee Table for Living Room,Wood Coffee Table with Storage,Mid-Century Modern Coffee Table with Drawer,Home,Rustic Brown.","B09X16LKSX","https://www.amazon.com/dp/B09X16LKSX?psc=1","https://m.media-amazon.com/images/I/71Sa7a1ojqL._AC_SY450_.jpg","WLIVE",69.99,385,"26,946.15","153,964","CN",32.83,1,4.1,171,7,26,"WLIVE","Home & Kitchen","Small Oversize","FBA","23.0x3.0x42.0",31.00,"4/1/2022"
"Gdrasuya10 Rustic Oval Coffee Table, 2 Tier Coffee Table with Storage Shelf Tea Table Wooden Cocktail Table Household Sofa Table (Distressed Dark Walnut)","B0BV6T3BN3","https://www.amazon.com/dp/B0BV6T3BN3?psc=1","https://m.media-amazon.com/images/I/713clAQWqjL._AC_SX522_.jpg","Gdrasuya10",97.99,2,195.98,"686,874","CN","n/a",1,"n/a",0,7,0,"HawPoleElec","Home & Kitchen","n/a","MFN","n/a","n/a","2/8/2023"
"JAXSUNNY Modern Farmhouse Coffee Table with Storage Shelf, Rustic Coffee Table with Metal R Frame, Wood Look Accent Cocktail Table for Living Room, Taupe","B09WRDPD7J","https://www.amazon.com/dp/B09WRDPD7J?psc=1","https://m.media-amazon.com/images/I/61FZgXIO4DL._AC_SX425_.jpg","JAXSUNNY",18.99,"n/a","n/a","127,542","CN","n/a",1,"n/a",0,8,0,"JAXSUNNY","Home & Kitchen","n/a","MFN","n/a","n/a","3/29/2022"
"aboxoo Coffee Table Nesting White Set of 2 Side Set Golden Frame Circular and Marble Pattern Wooden Tables, Living Room Bedroom Apartment Modern Industrial Simple Nightstand","B09G2ZQFHP","https://www.amazon.com/dp/B09G2ZQFHP?psc=1","https://m.media-amazon.com/images/I/71k8NdCLtlL._AC_SY450_.jpg","aboxoo",74.99,"1,058","79,339.42","36,313","CN",27.70,4,4.3,"1,150",9,56,"callalily","Home & Kitchen","Small Oversize","FBA","25.8x3.5x25.8",15.20,"9/13/2021"
"Furinno 11173 Just 3-Tier No Tools Coffee Table, White w/White Tube","B006321XP0","https://www.amazon.com/dp/B006321XP0?psc=1","https://m.media-amazon.com/images/I/51iQx-+eg3L._AC_SX679_.jpg","Furinno",22.56,52,"1,173.12","265,226","AMZ",18.98,8,4.2,477,6,4,"Amazon","Home & Kitchen","Small Oversize","AMZ","17.9x3.4x26.3",14.70,"11/3/2011"
"HOJINLINERO Industrial Round Coffee Table Set of 2 End Table for Living Room,Stacking Side Tables, Sturdy and Easy Assembly,Wood Look Accent Furniture with Metal Frame,Black+Rustic Brown","B09KTPF7JM","https://www.amazon.com/dp/B09KTPF7JM?psc=1","https://m.media-amazon.com/images/I/81xROdVAHcS._AC_SX425_.jpg","HOJINLINERO",99.99,474,"47,395.26","59,938","CN",33.97,1,4.4,162,7,19,"HOJINLINERO","Home & Kitchen","Small Oversize","FBA","28.2x3.2x28.5",22.10,"11/2/2021"
"ChooChoo Farmhouse Coffee Table, Rustic Vintage Living Room Table with Shelf, 40 White","B08SHCR143","https://www.amazon.com/dp/B08SHCR143?psc=1","https://m.media-amazon.com/images/I/8189SDyX4jS._AC_SY450_.jpg","ChooChoo",159.99,656,"104,953.44","41,445","CN",53.47,2,4.6,848,8,25,"ChooChoo Furniture","Home & Kitchen","Small Oversize","FBA","25.3x6.0x44.0",40.56,"1/8/2021"
"FURINNO Camnus Modern Living Coffee Table, French Oak Grey","B083FQ8CXV","https://www.amazon.com/dp/B083FQ8CXV?psc=1","https://m.media-amazon.com/images/I/71WQgrA7oAL._AC_SY450_.jpg","Furinno",41.99,68,"2,855.32","412,610","AMZ",21.49,9,4.4,404,6,2,"Amazon","Home & Kitchen","Small Oversize","AMZ","19.5x1.9x33.5",13.80,"1/3/2020"
"Mid Century Modern Coffee Table with Storage, 41.3 Inch Rectangle Wooden Accent Center Sofa Table with Sliding PE Rattan Woven Door Panel and Solid Wood Legs, Suitable for Living Room, Apartment","B0BZQF4T8J","https://www.amazon.com/dp/B0BZQF4T8J?psc=1","https://m.media-amazon.com/images/I/814WrL8CdDL._AC_SY450_.jpg","Ganooly",76.99,76,"5,851.24","272,188","CN",38.08,1,5.0,2,7,0,"AURORAHOME","Home & Kitchen","Small Oversize","MFN","24.4x46.0x4.3",41.00,"3/27/2023"
"Gexpusm Round Coffee Table, Wood Coffee Tables for Living Room, Natural Wood Coffee Table with Storage, Center Large Circle Coffee Table, 35.3x35.3x17.8in","B0BD9F92ZP","https://www.amazon.com/dp/B0BD9F92ZP?psc=1","https://m.media-amazon.com/images/I/A1VBk4kbjWL._AC_SX425_.jpg","Gexpusm",189.99,505,"95,944.95","85,124","CN",65.19,1,4.5,191,9,13,"Budding Home","Home & Kitchen","Medium Oversize","MFN","37.5x4.0x37.5",42.96,"9/6/2022"
"WLIVE Modern Lift Top Coffee Table,Rustic Coffee Table with Storage Shelf and Hidden Compartment,Wood Lift Tabletop for Home Living Room,Black,Rustic Brown.","B09X195S9B","https://www.amazon.com/dp/B09X195S9B?psc=1","https://m.media-amazon.com/images/I/81muN7dy78L._AC_SY355_.jpg","WLIVE",84.99,708,"60,172.92","37,527","CN",39.28,1,4.1,334,6,40,"WLIVE","Home & Kitchen","Small Oversize","FBA","21.8x3.9x43.6",40.06,"4/1/2022"
"NSdirect Round Coffee Table,36 inch Coffee Table for Living Room,2-Tier Rustic Wood Desktop & Sturdy Metal Legs Table Modern Design Home Furniture with Storage Shelf (Light Walnut)","B0888JVZH4","https://www.amazon.com/dp/B0888JVZH4?psc=1","https://m.media-amazon.com/images/I/91tacYay1LL._AC_SX466_.jpg","NSdirect",159.99,"1,062","169,909.38","30,517","CN",63.78,6,4.5,"1,829",8,38,"NSdirect","Home & Kitchen","Medium Oversize","FBA","37.8x4.5x39.0",41.86,"8/29/2019"
"Yaheetech Industrial Coffee Table, Rectangular Central Table Cocktail Table with Adjustable Metal Pipe for Living Room Home Furniture, Metal Frame, 42 x 22 x 18 Inches, Gray","B09G9SZZ3G","https://www.amazon.com/dp/B09G9SZZ3G?psc=1","https://m.media-amazon.com/images/I/71KMWoVdA4L._AC_SY450_.jpg","Yaheetech",48.99,176,"8,622.24","198,650","US",32.47,1,4.5,109,9,8,"Yaheetech","Home & Kitchen","Small Oversize","MFN","25.0x46.1x3.7",35.98,"9/15/2021"
"Milliard Modern Farmhouse Coffee Table with Storage Grey","B0BVTC71G5","https://www.amazon.com/dp/B0BVTC71G5?psc=1","https://m.media-amazon.com/images/I/61Sj6QEzQxL._AC_SX569_.jpg","Milliard",69.99,174,"12,178.26","143,449","US","n/a",2,4.1,3,6,0,"Home Wise","Home & Kitchen","Small Oversize","MFN","50.0x26.0x5.0",10.00,"2/13/2023"
"($) SinCiDo 48” Lift Top Coffee Table, Coffee Table with Storage & Sliding Groove Barn Door, Farmhouse Coffee Table Rustic Wood Cocktail Table w/Double Storage Spaces for Living Room, Dark Grey","B0C49YSBT1","https://www.amazon.com/dp/B0C49YSBT1?psc=1","https://m.media-amazon.com/images/I/81aGdrUCINL._AC_SX425_.jpg","SinCiDo",219.99,"n/a","n/a","34,441","US","n/a",1,5.0,2,6,0,"Shengye Development","Home & Kitchen","n/a","MFN","n/a","n/a","5/4/2023"
"($) LVB Natural Wood Coffee Table, Solid Wood Center Table for Living Room, Rustic Metal Industrial Real Wooden Cocktail Table, Modern Farmhouse Rectangle Minimalist Vintage Tea Table, Rustic Brown, 47 In","B0BZNGTJHN","https://www.amazon.com/dp/B0BZNGTJHN?psc=1","https://m.media-amazon.com/images/I/71-ukyTeaNL._AC_SX466_.jpg","LVB",239.98,"n/a","n/a","898,235","CN",65.15,1,"n/a",0,9,0,"LVB Furniture","Home & Kitchen","Small Oversize","FBA","26.5x5.3x51.3",52.01,"3/27/2023"
"($) JXQTLINGMU Farmhouse Coffee Table, Square Wood Center Table with Large Hidden Storage Compartment for Living Room, Rustic Cocktail Table with Hinged Lift Top for Home, Brown","B0C37Y6WRF","https://www.amazon.com/dp/B0C37Y6WRF?psc=1","https://m.media-amazon.com/images/I/91NaAQEXRzL._AC_SY355_.jpg","JXQTLINGMU",229.99,663,"152,483.37","57,752","US","n/a",1,4.5,7,6,-4,"LINGMU Furniture","Home & Kitchen","n/a","MFN","n/a","n/a","4/21/2023"
"($) 48” Modern Farmhouse Wood Coffee Table with 4 Large Storage Drawers; Decorative Rustic Living Room Coffee Table; Work from Home, Office and Living Room Storage for Books, Desk Supplies, Games, Blanket","B0BS9X1NX6","https://www.amazon.com/dp/B0BS9X1NX6?psc=1","https://m.media-amazon.com/images/I/81qhtTSSd2L._AC_SX425_.jpg","JXQTLINGMU",199.99,230,"45,997.70","118,368","US","n/a",1,4.3,38,6,-37,"LINGMU Furniture","Home & Kitchen","n/a","MFN","n/a","n/a","1/13/2023"
"VASAGLE Small Coffee Table Set of 2, Round Coffee Table with Steel Frame, Side End Table for Living Room, Bedroom, Office, Rustic Brown and Black","B08JSXNVKR","https://www.amazon.com/dp/B08JSXNVKR?psc=1","https://m.media-amazon.com/images/I/715b4VhLIpL._AC_SX679_.jpg","VASAGLE",69.88,"1,034","72,255.92","33,731","n/a",31.78,14,4.6,"1,687",9,46,"n/a","Home & Kitchen","Small Oversize","FBA","21.7x5.2x22.9",17.82,"4/6/2021"
"Tribesigns Farmhouse Coffee Table Square LED Coffee Table Engineered Wood Coffee Table for Living Room Rustic Brown & Black Low Coffee Table","B0BS3T7RC5","https://www.amazon.com/dp/B0BS3T7RC5?psc=1","https://m.media-amazon.com/images/I/81U+AJBuRHL._AC_SY450_.jpg","Tribesigns",169.99,50,"8,499.50","143,164","CN","n/a",1,4.6,3,9,0,"USDUSHU","Home & Kitchen","n/a","MFN","n/a","n/a","1/11/2023"
"Small Round Coffee Table Circle Modern White Coffee Tables for Living Room Center Table for Small Spaces 24 Inch Wood Accent Coffe Tables Mesa De Centro","B0BGMW8X6M","https://www.amazon.com/dp/B0BGMW8X6M?psc=1","https://m.media-amazon.com/images/I/61LzMnCmIoL._AC_SX466_.jpg","STELOD",49.42,322,"15,913.24","107,925","CN",16.98,1,4.0,173,5,11,"STELOD","Home & Kitchen","Large Standard-Size","FBA","13.2x4.6x17.8",10.25,"n/a"
"Yaheetech Lift Top Coffee Table with Hidden Storage Compartment, Farmhouse Wooden Center Table with 2 Way Raisable Tabletop & Gas Lift Mechanism for Living Room Reception Room,Gray","B09PL5KB6Q","https://www.amazon.com/dp/B09PL5KB6Q?psc=1","https://m.media-amazon.com/images/I/81WLtHqdONL._AC_SY355_.jpg","Yaheetech",54.99,176,"9,678.24","135,255","US",41.50,1,4.1,237,9,0,"Yaheetech","Home & Kitchen","Small Oversize","MFN","27.0x4.9x51.7",56.84,"1/3/2022"
"CubiCubi 40.8"" x 22.8"" Coffee Table with Moveable Storage Box for Living Room, Wood Look Accent Furniture with Metal Frame, Easy Assembly, Natural","B08P5XZ84T","https://www.amazon.com/dp/B08P5XZ84T?psc=1","https://m.media-amazon.com/images/I/81S7+JQRZ-L._AC_SX569_.jpg","CubiCubi",49.99,283,"14,147.17","179,292","CN",31.09,1,4.3,518,7,8,"Tespo Store","Home & Kitchen","Small Oversize","FBA","26.0x3.0x44.0",34.01,"11/26/2020"
"Itaar 43"" Lift Top Coffee Table, 3 in 1 Multi-Function Coffee Table with Storage for Living Room, Small Coffee Table for Dining Reception Room, Grey","B0BHKP7M91","https://www.amazon.com/dp/B0BHKP7M91?psc=1","https://m.media-amazon.com/images/I/817cUwUsXxL._AC_SY450_.jpg","Itaar",269.99,518,"139,854.82","60,097","CN",93.43,1,4.6,349,7,30,"better market","Home & Kitchen","Medium Oversize","MFN","23.0x47.0x7.0",90.00,"10/7/2022"
"SinCiDo 48” Lift Top Coffee Table, Coffee Table with Storage & Sliding Groove Barn Door, Farmhouse Coffee Table Rustic Wood Cocktail Table w/Double Storage Spaces for Living Room, White","B0C49YJ8KC","https://www.amazon.com/dp/B0C49YJ8KC?psc=1","https://m.media-amazon.com/images/I/81VFUwqka5L._AC_SX466_.jpg","SinCiDo",219.99,"n/a","n/a","34,441","US","n/a",1,5.0,2,6,0,"Shengye Development","Home & Kitchen","n/a","MFN","n/a","n/a","5/4/2023"
"Bidiso Lift Top Coffee Table, Easy-to-Assembly Center Table with Hidden Storage Compartment, Lift Tabletop Dining Table for Living Room Reception/Home Office, Oak","B097XLT76Q","https://www.amazon.com/dp/B097XLT76Q?psc=1","https://m.media-amazon.com/images/I/81WgLbIGdBL._AC_SX425_.jpg","Bidiso",199.99,581,"116,194.19","77,437","CN",63.67,3,4.6,643,8,44,"Sea Wave Furniture","Home & Kitchen","Small Oversize","FBA","24.0x8.0x42.0",58.01,"6/25/2021"
"Auromie Nesting Coffee Table Set of 2, Hexagonal Side End Tables with Metal Frame, Modern Center Tables with Faux Marble Top for Living Room, Office, Balcony, Small Nightstands for Bedroom, White&Gold","B0C2CLDB5D","https://www.amazon.com/dp/B0C2CLDB5D?psc=1","https://m.media-amazon.com/images/I/81lCy7nzVBL._AC_SX679_.jpg","Auromie",79.99,111,"8,878.89","204,468","CN",29.71,1,5.0,8,8,4,"Auromie Distributor","Home & Kitchen","Small Oversize","MFN","21.9x25.6x4.9",18.78,"4/13/2023"
"($) SICOTAS Farmhouse Wood Coffee Table - Boho Table with Storage Shelf, Rectangle Center Table Wood Look Accent Table, 2-Tier Sofa Side Table Mid Century Modern Coffee Table Living Room Furniture","B0B9B8YSS3","https://www.amazon.com/dp/B0B9B8YSS3?psc=1","https://m.media-amazon.com/images/I/91jRs+d6CKL._AC_SX522_.jpg","SICOTAS",92.99,100,"9,299.00","330,371","CN",35.86,1,4.1,18,7,1,"SICOTAS","Home & Kitchen","Small Oversize","MFN","22.0x4.0x43.0",29.60,"8/11/2022"
"($) Bush Furniture Key West Coffee Table with Storage, Dark Gray Hickory","B08VWVLNL9","https://www.amazon.com/dp/B08VWVLNL9?psc=1","https://m.media-amazon.com/images/I/81FjRbRDHTL._AC_SY450_.jpg","Bush Furniture",239.99,0,0.00,"2,450,290","AMZ",87.91,11,4.0,10,6,0,"Amazon","Home & Kitchen","Medium Oversize","AMZ","27.8x6.3x47.0",84.01,"2/4/2021"
"($) HOMREST 39.4 Inch Wooden Lift Top Coffee Table with Storage Shelf and Hidden Compartment, Rising Computer Table Coffee Tabletop for Reception Room and Living Room, Grey","B0BSNFQF9M","https://www.amazon.com/dp/B0BSNFQF9M?psc=1","https://m.media-amazon.com/images/I/919arBUCcLL._AC_SY355_.jpg","HOMREST",84.99,56,"4,759.44","683,058","CN","n/a",1,5.0,5,8,0,"HOMREST","Home & Kitchen","n/a","MFN","n/a","n/a","1/19/2023"
"($) UMBUZÖ Reclaimed Wood Coffee Table","B07XHTQKN3","https://www.amazon.com/dp/B07XHTQKN3?psc=1","https://m.media-amazon.com/images/I/91+LeyuhNIL._SY500_.jpg","UMBUZÖ",429.00,1,429.00,"7,871","US","n/a",1,4.5,2,2,0,"UMBUZÖ","Handmade Products","n/a","MFN","n/a","n/a","10/20/2017"
"Yaheetech Coffee Table, Tempered Glass Coffee Table, Modern Simple Center Table w/Geometric-Inspired Design & Metal-Frame & Easy Assembly & Open Storage Shelf for Living Room, Office, Black","B097G9J3PR","https://www.amazon.com/dp/B097G9J3PR?psc=1","https://m.media-amazon.com/images/I/61cHNsqAsZL._AC_SX466_.jpg","Yaheetech",92.99,421,"39,148.79","69,577","US","n/a",1,4.7,235,9,5,"Yaheetech","Home & Kitchen","n/a","MFN","n/a","n/a","6/18/2021"
"ChooChoo Oxford Coffee Table with Thicker Legs, Black Wood Coffee Table with Storage for Living Room","B07T238M73","https://www.amazon.com/dp/B07T238M73?psc=1","https://m.media-amazon.com/images/I/71rIs5b2PfS._AC_SX466_.jpg","ChooChoo",109.99,537,"59,064.63","54,432","CN",43.45,7,4.4,"1,094",7,30,"ChooChoo Furniture","Home & Kitchen","Small Oversize","FBA","24.0x5.0x43.5",42.51,"6/12/2019"
"NOBLEWELL Coffee Table Lift Top with Storage Compartment and Separated Open Shelves, Pop Up Coffee Table for Living Room, 39.4in L, Vintage Brown","B0922FNFBK","https://www.amazon.com/dp/B0922FNFBK?psc=1","https://m.media-amazon.com/images/I/715ZWgqT1hL._AC_SX569_.jpg","NOBLEWELL",109.99,359,"39,486.41","33,147","CN",46.39,12,4.3,"1,041",8,28,"NOBLEWELL Direct","Home & Kitchen","Small Oversize","FBA","23.1x5.0x42.1",48.11,"7/1/2021"
"OKD 48'' Coffee Table with Storage & Sliding Barn Doors, Farmhouse & Industrial Cocktail Table w/Adjustable Shelves, Rectangular Rustic Living Room Table for Living Meeting Room, Reclaimed Barnwood","B0BRLBV3Z4","https://www.amazon.com/dp/B0BRLBV3Z4?psc=1","https://m.media-amazon.com/images/I/91yVWfcn2IL._AC_SX679_.jpg","OKD",199.99,447,"89,395.53","55,836","CN","n/a",1,4.6,131,5,32,"OKD-us","Home & Kitchen","n/a","MFN","n/a","n/a","2/10/2023"
"($) WLIVE Lift Top Coffee Table for Living Room,Coffee Table with Storage,Hidden Compartment and Metal Frame, Central Table for Reception Room,Rustic Brown","B0BBQF5N3Q","https://www.amazon.com/dp/B0BBQF5N3Q?psc=1","https://m.media-amazon.com/images/I/81TGrbWvJiL._AC_SX466_.jpg","WLIVE",109.99,293,"32,227.07","92,861","CN",44.71,2,3.8,122,8,19,"WLIVE","Home & Kitchen","Small Oversize","FBA","21.5x4.5x42.5",45.01,"8/24/2022"
"($) AOCOROE Large Wood Coffee Table with Lockable Casters French Country Style Coffee Table with Drawers. 47 Inch Center Table for Living Room","B09H3161SM","https://www.amazon.com/dp/B09H3161SM?psc=1","https://m.media-amazon.com/images/I/81lSnBMf06L._AC_SX522_.jpg","AOCOROE",197.99,98,"19,403.02","340,910","JP",93.27,1,4.8,20,8,2,"Lepus","Home & Kitchen","Medium Oversize","MFN","27.3x50.8x10.8",79.37,"9/24/2021"
"($) Coffee Table for Living Room, 47''Modern Faux Marble Top Coffee Table with Metal Frame, 2-Tier Living Room Table with Storage Shelf, Rectangular Center Table for Living Room, Office, Black","B0BP21H5VF","https://www.amazon.com/dp/B0BP21H5VF?psc=1","https://m.media-amazon.com/images/I/918JgB6r0AL._AC_SX425_.jpg","gatherstar",129.99,21,"2,729.79","572,342","CN","n/a",2,5.0,2,6,0,"Nice Furniture for You","Home & Kitchen","n/a","MFN","n/a","n/a","12/5/2022"
"($) WAMPAT Modern Farmhouse Coffee Table, Rectangle Wood Center Table with Open Storage for Living Room, Spliced Wood Desktop, Riveted Metal Bars, Prismatic Decor, 42 Inch, Rustic Brown","B0921Z4WQ4","https://www.amazon.com/dp/B0921Z4WQ4?psc=1","https://m.media-amazon.com/images/I/81UXm2+OvqL._AC_SY355_.jpg","WAMPAT",194.99,14,"2,729.86","708,933","CN","n/a",1,4.7,65,7,0,"Dropship Shopping Centre","Home & Kitchen","n/a","MFN","n/a","n/a","4/8/2021"
"Meihua Glass Coffee Table for Living Room Rectangle Modern End Table…","B08HS14ZSX","https://www.amazon.com/dp/B08HS14ZSX?psc=1","https://m.media-amazon.com/images/I/713FyY+S+CL._AC_SY450_.jpg","Meihua",104.99,472,"49,555.28","61,617","CN",46.06,1,4.7,"1,413",7,27,"Meihua Home","Home & Kitchen","Small Oversize","FBA","26.6x4.7x42.4",49.06,"6/1/2020"
"XXXDXDP 2 in 1 Marble Texture Coffee Table for Living Room Sofa Side Round Combination Home Furniture Metal Bracket","B0BV637BCP","https://www.amazon.com/dp/B0BV637BCP?psc=1","https://m.media-amazon.com/images/I/51wBPLU76HL._AC_SX466_.jpg","XXXDXDP","4,000.00",0,0.00,"8,589,158","CN","n/a",2,1.0,1,9,0,"刘宗杭","Home & Kitchen","n/a","MFN","n/a","n/a","2/8/2023"
"SAYGOER Coffee Table Simple Modern Coffee Tables Open Design Rectangular Minimalist Center Table for Living Room Home Office Industrial Cocktail Tables, Easy Assembly, 39.37 x 19.69 x 17.72, OAK White","B0BQ3BP4ND","https://www.amazon.com/dp/B0BQ3BP4ND?psc=1","https://m.media-amazon.com/images/I/71tYICS8fRL._AC_SX425_.jpg","SAYGOER",39.97,351,"14,029.47","88,787","CN",24.55,1,4.4,115,4,12,"SAYGOER DIRECT","Home & Kitchen","Small Oversize","FBA","23.0x2.0x42.5",21.75,"12/14/2022"
"Walker Edison Modern Glam Round Accent Faux White Marble Coffee Table with Gold X-Base, 36 Inch","B071YPHMY6","https://www.amazon.com/dp/B071YPHMY6?psc=1","https://m.media-amazon.com/images/I/612+ys+zJhL._AC_SX522_.jpg","Walker Edison",97.09,490,"47,574.10","45,318","AMZ",48.73,9,4.3,"5,401",5,6,"Amazon","Home & Kitchen","Medium Oversize","FBA","38.2x3.5x38.2",24.85,"n/a"
"Tangkula Glass Coffee Table, 42.5"" L × 20"" W ×14"" H, Modern Clear Tempered Glass Coffee Table for Living Room, International Occasion Tea Table, Waterfall Table with Rounded Edges (Clear Glass)","B07WWSY44W","https://www.amazon.com/dp/B07WWSY44W?psc=1","https://m.media-amazon.com/images/I/51yP2uECd0L._AC_SX522_.jpg","Tangkula",189.99,106,"20,138.94","210,918","US","n/a",1,4.7,"1,057",9,0,"Tangkula","Home & Kitchen","n/a","MFN","n/a","n/a","8/19/2019"
"Yaheetech Coffee Table, 41in Lift Top Coffee Table with Storage Hidden Compartment & Shelf, Pop Up Coffee Table for Living Room, Espresso","B07MHGJVBN","https://www.amazon.com/dp/B07MHGJVBN?psc=1","https://m.media-amazon.com/images/I/5151XsEzPpL._AC_SX569_.jpg","Yaheetech",79.99,941,"75,270.59","24,646","US",41.89,1,4.5,"7,807",7,46,"Yaheetech","Home & Kitchen","Small Oversize","MFN","23.6x3.9x45.3",48.77,"12/20/2018"
"Furinno 11172 Just 2-Tier No Tools Coffee Table, White w/White Tube","B006321J8G","https://www.amazon.com/dp/B006321J8G?psc=1","https://m.media-amazon.com/images/I/41h4UzOfBYL._AC_SY355_.jpg","Furinno",20.38,755,"15,386.90","21,331","AMZ",16.57,8,3.6,"10,073",7,24,"Amazon","Home & Kitchen","Small Oversize","FBA","17.8x2.8x26.5",10.00,"11/3/2011"
"ZenStyle Industrial Coffee Table with Storage Shelf for Living Room, Wood Look Accent Furniture with Vintage Wooden Board Stable Metal Frame Cocktail Table 2-Tier Tea Table, Rustic Brown","B08NFBSC1F","https://www.amazon.com/dp/B08NFBSC1F?psc=1","https://m.media-amazon.com/images/I/614SNHm3X9L._AC_SY355_.jpg","ZenStyle",43.48,182,"7,913.36","156,309","CN",32.21,1,4.6,635,9,12,"ZenStyle","Home & Kitchen","Small Oversize","MFN","24.3x3.9x43.1",38.81,"11/12/2020"
"Ameriwood Home Carver Coffee Table, Gray","B01N0D7VC8","https://www.amazon.com/dp/B01N0D7VC8?psc=1","https://m.media-amazon.com/images/I/71lXEubxAbL._AC_SX466_.jpg","Ameriwood Home",87.66,"n/a","n/a","3,332","AMZ",50.18,4,4.5,"3,310",15,0,"Amazon","Our Brands","Small Oversize","AMZ","14.0x8.5x40.3",65.76,"11/14/2016"
"ANBUY Black Coffee Table with Storage, Modern Rectangle Coffee Table with Dual Storage Drawers & 2 Open Shelf, Wood TV Stand Side End Table for Apartment Living Room","B0BVVLTTGS","https://www.amazon.com/dp/B0BVVLTTGS?psc=1","https://m.media-amazon.com/images/I/812Onh1t0+L._AC_SX679_.jpg","Anbuy",123.99,67,"8,307.33","173,261","CN","n/a",2,4.7,4,8,1,"Anbuy","Home & Kitchen","n/a","MFN","n/a","n/a","2/15/2023"
"AOGLLATI Lift Top Coffee Table with Storage and Hidden Compartment, Farmhouse Square Coffee Table with Charging Station, Wood Lift Tabletop Central Table for Living Room, Reception Room, Retro Brown","B0BR5CRZTG","https://www.amazon.com/dp/B0BR5CRZTG?psc=1","https://m.media-amazon.com/images/I/914iuKAISBL._AC_SY450_.jpg","AOGLLATI",169.99,115,"19,548.85","290,512","CN",64.20,1,4.4,30,8,0,"CAcaco","Home & Kitchen","Small Oversize","MFN","19.7x37.8x8.2",69.30,"12/27/2022"
"Elephance Round Coffee Table, 31.5 Inch Modern Coffee Table for Living Room, White and Gold Coffee Table with Storage, Wooden Tabletop-Marble White Print with Gold Frame","B0BZRVK9XC","https://www.amazon.com/dp/B0BZRVK9XC?psc=1","https://m.media-amazon.com/images/I/81T+UbD+z6L._AC_SX569_.jpg","Elephance",135.99,6,815.94,"243,130","US",52.05,1,4.4,41,8,0,"Cheerwing USA","Home & Kitchen","Medium Oversize","FBA","33.9x34.3x3.4",30.53,"3/28/2023"
"GOTOTOP Modern Glossy White Coffee Table W/LED Lighting, Contemporary Rectangle Design with 4 Drawers and Remote Control Living Room Furniture","B08CKYXJTV","https://www.amazon.com/dp/B08CKYXJTV?psc=1","https://m.media-amazon.com/images/I/81I+cps-xbL._AC_SX679_.jpg","GOTOTOP",219.50,3,658.50,"1,444,285","CN",69.51,2,2.7,126,9,1,"Cusco","Home & Kitchen","Small Oversize","FBA","22.1x5.0x33.5",66.15,"12/10/2020"
"LAZZO Rattan Coffee Table Mid Century Modern Center Rectangular Tables with 2 Drawers and Open Storage Shelf Wooden Small Media Table for Home Living Room,Office Natural Wood","B0BKSXTBLZ","https://www.amazon.com/dp/B0BKSXTBLZ?psc=1","https://m.media-amazon.com/images/I/71U6aAU-jvL._AC_SX466_.jpg","LAZZO",87.99,88,"7,743.12","354,841","CN",40.99,1,4.8,10,6,1,"LAZZO","Home & Kitchen","Small Oversize","MFN","24.0x38.6x4.5",43.43,"10/28/2022"
"Gdrasuya10 Modern White Faux Marble Coffee Table, 2 Tier Wood Coffee Table with Gold Frame Center TV Table Cocktail Table Sofa End Table for Living Room Bedroom (40"" L)","B0B92XNY3N","https://www.amazon.com/dp/B0B92XNY3N?psc=1","https://m.media-amazon.com/images/I/81-yO8tL4FL._AC_SX466_.jpg","Gdrasuya10",109.99,41,"4,509.59","451,067","CN","n/a",1,2.8,14,8,2,"HawPoleElec","Home & Kitchen","n/a","MFN","n/a","n/a","8/9/2022"
"Commercial Work Table Assembly","B07RZ9L11P","https://www.amazon.com/dp/B07RZ9L11P?psc=1","https://m.media-amazon.com/images/I/51o9JpyUzyL._SX450_.jpg",,999.90,"n/a","n/a","n/a","n/a","n/a",1,"n/a",0,1,0,"n/a","All Departments","n/a","n/a","n/a","n/a","n/a"
"BDI Reveal 1192 Lift Coffee Table, Chocolate Walnut","B09PQN71DR","https://www.amazon.com/dp/B09PQN71DR?psc=1","https://m.media-amazon.com/images/I/417tOXEVNVL._AC_SX466_.jpg","BDI Furniture","1,683.00",0,0.00,"3,878,639","US",236.83,3,"n/a",0,6,0,"WORLD WIDE STEREO","Home & Kitchen","Medium Oversize","MFN","50.0x30.0x8.0",95.00,"1/5/2022"
"WLIVE Lift Top Coffee Table with Storage,Small Coffee Table with Drawers for Living Room,Hidden Compartment and Open Shelf,Central Table for Reception Room,Rustic Brown","B0BRB12W8X","https://www.amazon.com/dp/B0BRB12W8X?psc=1","https://m.media-amazon.com/images/I/81jRlgOs1RL._AC_SY450_.jpg","WLIVE",139.99,"n/a","n/a","146,114","CN",55.09,1,5.0,1,7,0,"WLIVE","Home & Kitchen","Small Oversize","FBA","23.0x5.5x43.5",60.01,"12/29/2022"
"Lift Top Coffee Table, Coffee Tables for Living Room, Coffee Table with Storage, Rustic Coffee Table with Hidden Compartment, Wooden Legs","B0BTHQ88HN","https://www.amazon.com/dp/B0BTHQ88HN?psc=1","https://m.media-amazon.com/images/I/719FQFqL4fL._AC_SY450_.jpg","Tcpuolr",104.99,113,"11,863.87","313,570","CN",67.14,1,4.0,57,7,6,"Tcpuolr","Home & Kitchen","Medium Oversize","MFN","23.0x46.1x4.9",78.00,"1/31/2023"
"Sauder North Avenue Coffee Table, Charter Oak finish, L: 31.50"" x W: 20.00"" x H: 16.54""","B01K6PLW4Q","https://www.amazon.com/dp/B01K6PLW4Q?psc=1","https://m.media-amazon.com/images/I/71Z+TfZ9n8L._AC_SX425_.jpg","Sauder",79.99,165,"13,198.35","220,733","AMZ",31.81,2,4.5,"5,580",8,14,"Amazon","Home & Kitchen","Small Oversize","FBA","23.6x2.5x35.7",24.45,"n/a"
"Yaheetech Wood 2-Tier Black Coffee Table with Storage Shelf for Living Room, X Design Accent Cocktail Table, Easy Assembly Home Furniture, 39.5 x 21.5 x 18 Inches","B0833M87VX","https://www.amazon.com/dp/B0833M87VX?psc=1","https://m.media-amazon.com/images/I/71CdOCmASxS._AC_SX522_.jpg","Yaheetech",79.99,344,"27,516.56","101,768","US",37.69,2,4.6,848,9,17,"Yaheetech","Home & Kitchen","Small Oversize","MFN","24.4x45.5x3.9",38.36,"12/24/2019"
"BDI Furniture Terrace Square Coffee Table Charcoal","B073K4MSCV","https://www.amazon.com/dp/B073K4MSCV?psc=1","https://m.media-amazon.com/images/I/71cmxa-O9ML._AC_SX569_.jpg","BDI Furniture","1,216.00",1,"1,216.00","533,969","US",358.31,3,4.6,6,7,0,"WORLD WIDE STEREO","Home & Kitchen","Special Oversize","MFN","48.0x48.0x9.0",171.00,"n/a"
"VINGLI Glass Coffee Table, 25.6"" Round Coffee Table Gold Coffee Tables for Living Room, 2-Tier Glass Top Coffee Table with Storage Clear Coffee Table, Simple & Modern Center Table for Small Space","B09RH3LJLW","https://www.amazon.com/dp/B09RH3LJLW?psc=1","https://m.media-amazon.com/images/I/81x+fwOe4tL._AC_SX569_.jpg","VINGLI",95.99,504,"48,378.96","54,235","HK",35.47,2,4.6,250,8,19,"VINGLI-Direct","Home & Kitchen","Small Oversize","MFN","27.8x4.8x28.4",25.45,"1/29/2022"
"Furinno Beginning Coffee Table, French Oak Grey , 19.45D x 35.59W x 15.63H in","B07GDWL9TV","https://www.amazon.com/dp/B07GDWL9TV?psc=1","https://m.media-amazon.com/images/I/51nZwDsrFYL._AC_SX466_.jpg","Furinno",31.71,94,"2,980.74","319,082","AMZ",21.21,11,3.7,497,10,2,"Amazon","Home & Kitchen","Small Oversize","AMZ","21.6x1.5x39.0",16.95,"8/13/2018"
"Artissance Versatile Peking Grand Framed Square Weathered White Wash, 50 Inch Long Coffee Table","B09Q1DMB5D","https://www.amazon.com/dp/B09Q1DMB5D?psc=1","https://m.media-amazon.com/images/I/8125pZc2IRL._AC_SY450_.jpg","Artissance","2,185.10",2,"4,370.20","872,742","AMZ",410.24,3,"n/a",0,9,0,"Amazon","Home & Kitchen","Special Oversize","FBA","51.1x18.3x52.8",118.02,"1/8/2022"
"Round Coffee Table Modern Coffee Table Sofa Table Tea Table for Living Room, Office Desk, Balcony, Wood Desktop and Metal Legs, White Oak,31.5""","B09DYBM7KB","https://www.amazon.com/dp/B09DYBM7KB?psc=1","https://m.media-amazon.com/images/I/71IPFXyXH1L._AC_SX679_.jpg","TOYSINTHEBOX",69.99,65,"4,549.35","232,229","US",38.52,1,3.7,290,8,7,"YUNHAO LIVING","Home & Kitchen","Medium Oversize","FBA","33.0x2.0x33.0",19.75,"8/30/2021"
"Personalized Large EPOXY Table, Resin Dining Table for 2, 4, 6, 8 River Table Top, Wood Epoxy Coffee Table Top, Living Room Table (Without Stand, 72 x 48inches)","B0B59M7PXB","https://www.amazon.com/dp/B0B59M7PXB?psc=1","https://m.media-amazon.com/images/I/51RSJh5MhOL._AC_SX679_.jpg","TUZECH","4,059.00",1,"4,059.00","3,475,049","IN","n/a",1,"n/a",0,7,0,"Tuzech.","Home & Kitchen","n/a","MFN","n/a","n/a","6/28/2022"
"HOMMPA Lift Top LED Coffee Table with Charging Station Black CoffeeTable for Living Room with Hidden Compartment High Gloss Lift Tabletop Modern Center Cocktail Table for Living Room 15.7"" H","B0BJ76PHZY","https://www.amazon.com/dp/B0BJ76PHZY?psc=1","https://m.media-amazon.com/images/I/71VOshMafhL._AC_SX569_.jpg","HOMMPA",189.98,173,"32,866.54","143,519","CN","n/a",1,3.9,6,8,0,"Phycomn","Home & Kitchen","n/a","MFN","n/a","n/a","10/14/2022"
"Oakrain Nesting Tables for Living Room, Round Nesting Coffee Table, Farmhouse End Tables Living Room Set of 2, Wood Side Tables Set of 2 for Sofa, Bedroom, Balcony","B0B2P86Z7L","https://www.amazon.com/dp/B0B2P86Z7L?psc=1","https://m.media-amazon.com/images/I/816AMX0xKvL._AC_SX679_.jpg","Oakrain",99.99,111,"11,098.89","197,855","CN",35.65,1,4.7,32,9,2,"OneSpruce","Home & Kitchen","Small Oversize","FBA","21.5x7.0x25.2",15.45,"5/30/2022"
"Rainbow Sophia Coffee Table, Modern Farmhouse Wood Coffee Table with 2-Tier Storage, 40 Inch, White Oak","B08ML5W8DZ","https://www.amazon.com/dp/B08ML5W8DZ?psc=1","https://m.media-amazon.com/images/I/818YD5zkKBL._AC_SX569_.jpg","Rainbow Sophia",129.97,345,"44,839.65","101,801","US",46.45,2,4.5,910,6,20,"Rainbow Sophia LLC","Home & Kitchen","Small Oversize","FBA","26.0x4.5x44.5",42.01,"11/7/2020"
"Yaheetech Lift Top Coffee Table, 47.5 in Coffee Table with Hidden Storage Compartment, Wooden Lift Up Central Table for Living Room & Reception Room, Gray","B09Q8WXHWL","https://www.amazon.com/dp/B09Q8WXHWL?psc=1","https://m.media-amazon.com/images/I/81AtgGqbB4L._AC_SY355_.jpg","Yaheetech",89.99,219,"19,707.81","31,775","US",49.84,1,4.5,102,9,5,"Yaheetech","Home & Kitchen","Small Oversize","MFN","27.2x52.4x5.1",61.29,"1/12/2022"
"Gexpusm Round Wood Coffee Table, Farmhouse Round Coffee Table for Living Room, Solid Wood Circle Center Table, Round Wooden Rustic Natural Table, 31.5 * 31.5 * 14IN(Contain Only Coffee Table)","B0BF9TFB35","https://www.amazon.com/dp/B0BF9TFB35?psc=1","https://m.media-amazon.com/images/I/714PkhsqHdL._AC_SX450_.jpg","Gexpusm",189.99,249,"47,307.51","121,528","CN",75.69,1,4.9,32,7,7,"Budding Home","Home & Kitchen","Medium Oversize","MFN","34.8x34.8x7.7",40.12,"9/14/2022"
"WEENFON Coffee Table, Industrial Coffee Table with 2 Cloth Drawers & Open Storage Shelf, Modern Accent Cocktail Table with Hidden Compartment for Living Room, Metal Frame, Dark Brown","B09RDVCXHP","https://www.amazon.com/dp/B09RDVCXHP?psc=1","https://m.media-amazon.com/images/I/61YPO3IkgpL._AC_SX466_.jpg","WEENFON",59.99,"n/a","n/a","436,101","CN",38.89,1,3.7,49,8,0,"WEENFON","Home & Kitchen","Small Oversize","FBA","22.0x5.0x47.8",48.96,"12/31/2022"
"bonVIVO Black Coffee Table Donatella","B087JXFXWT","https://www.amazon.com/dp/B087JXFXWT?psc=1","https://m.media-amazon.com/images/I/61rI0T2qh5L._AC_SX466_.jpg","bonVIVO",132.99,30,"3,989.70","551,002","US",52.72,2,4.7,447,9,6,"Bonstato Inc.","Home & Kitchen","Small Oversize","FBA","24.1x5.0x46.5",50.10,"2/15/2017"
"Furnnylane Modern Coffee Table with 4 Drawers,Square Coffee Table with Storage for Living Room,White,Large,39.3"" D x 39.3"" W x 17.7"" H","B0C3LLLZRJ","https://www.amazon.com/dp/B0C3LLLZRJ?psc=1","https://m.media-amazon.com/images/I/713iwNposeL._AC_SX466_.jpg","Furnnylane",269.99,"n/a","n/a","314,778","CN","n/a",1,3.9,39,5,2,"Furnnylane","Home & Kitchen","n/a","MFN","n/a","n/a","4/26/2023"