"Product Details","ASIN","URL","Image URL","Brand","Price $","Sales","Revenue","BSR","Seller Country/Region","Fees $","Active Sellers #","Ratings","Review Count","Images","Review velocity","Buy Box","Category","Size Tier","Fulfillment","Dimensions","Weight","Creation Date"
"($) Amazon Basics Round Storage End Table, Side Table with Cloth Basket - White/Heather Gray, 19 x 18 x 18 Inches","B07TWXS5Y6","https://www.amazon.com/dp/B07TWXS5Y6?psc=1","https://m.media-amazon.com/images/I/71bLf-pRNRL._AC_SY355_.jpg","Amazon Basics",30.60,"n/a","n/a","1,681","AMZ",17.26,8,4.5,"8,520",6,0,"Amazon","Our Brands","Small Oversize","FBA","19.5x2.6x20.5",6.73,"n/a"
"($) Leick Home Mission Impeccable, Medium Oak , 22.5 in x 12 in x 24 in","B009IURXEO","https://www.amazon.com/dp/B009IURXEO?psc=1","https://m.media-amazon.com/images/I/71Oh0NIrgIL._AC_SX425_.jpg","Leick Home",200.00,219,"43,800.00","95,549","AMZ",56.11,5,4.6,"3,261",9,461,"Amazon","Home & Kitchen","Small Oversize","AMZ","22.8x9.4x25.7",32.21,"n/a"
"($) Leick Home 9017-MED One Drawer Narrow Side Table with Shelf, Hand Applied Rustic Oak Finish 10 in x 24 in x 24 in","B002D1E37A","https://www.amazon.com/dp/B002D1E37A?psc=1","https://m.media-amazon.com/images/I/81lQpxJ8x3L._AC_SX466_.jpg","Leick Home",138.63,168,"23,289.84","145,778","AMZ",39.76,1,4.8,"3,640",9,-36,"Amazon","Home & Kitchen","Small Oversize","AMZ","13.1x9.1x25.8",20.70,"n/a"
"HOOBRO End Table with Charging Station and USB Ports, 3-Tier Nightstand with Adjustable Shelf, Narrow Side Table for Small Space in Living Room, Bedroom and Balcony, Rustic Brown BF112BZ01","B09X395CNV","https://www.amazon.com/dp/B09X395CNV?psc=1","https://m.media-amazon.com/images/I/71BlC+UiJ8L._AC_SY355_.jpg","HOOBRO",39.99,"2,157","86,258.43","9,518","CN",15.41,4,4.4,365,9,62,"Hoobro","Home & Kitchen","Large Standard-Size","FBA","12.3x4.1x17.1",9.66,"4/2/2022"
"Furinno Simplistic Set of 2 End Table, Espresso/Black","B00OR1KQQ6","https://www.amazon.com/dp/B00OR1KQQ6?psc=1","https://m.media-amazon.com/images/I/41wraSSgVvL._AC_SX425_.jpg","Furinno",22.53,"8,296","186,908.88","1,209","AMZ",18.57,13,4.3,"40,235",13,675,"Amazon","Home & Kitchen","Small Oversize","AMZ","17.2x4.0x21.0",13.60,"10/22/2014"
"FURINNO Turn-N-Tube Haydn End Table, 1-Pack, French Oak Grey/Black","B01CP3DSAI","https://www.amazon.com/dp/B01CP3DSAI?psc=1","https://m.media-amazon.com/images/I/61iwhBmJLaL._AC_SY355_.jpg","Furinno",8.82,"45,497","401,283.54",417,"AMZ",13.57,8,4.5,"86,910",5,"1,699","Amazon","Home & Kitchen","Small Oversize","AMZ","14.3x3.2x19.8",6.80,"3/8/2016"
"NauticalMart Aviator 3 Door Sideboard End Table Design Metal Side Table","B07GDNVLDN","https://www.amazon.com/dp/B07GDNVLDN?psc=1","https://m.media-amazon.com/images/I/81xOe0-lI9L._AC_SY355_.jpg","NauticalMart","2,250.00",0,0.00,"4,644,610","IN","n/a",1,5.0,1,6,0,"NauticalMart","Home & Kitchen","n/a","MFN","n/a","n/a","8/13/2018"
"Yoobure End Table with Charging Station, Flip Top Side Table with USB Ports and Outlets, Sofa Couch Table Bedside Table for Living Room Bedroom, Narrow Nightstand with Storage Shelves for Small Space","B0B93L5WPW","https://www.amazon.com/dp/B0B93L5WPW?psc=1","https://m.media-amazon.com/images/I/7164+J-WIyL._AC_SX466_.jpg","Yoobure",65.99,"3,210","211,827.90","9,221","HK",21.87,2,4.7,611,6,75,"Super A Plus","Home & Kitchen","Large Standard-Size","FBA","13.2x7.1x17.9",17.88,"10/12/2022"
"MNEETRUNG End Table with Charging Station, Industrial Side Table with USB Ports and Outlets, Bedside Tables with Door, 3-Tier Nightstand for Small Spaces, Sturdy, for Living Room, Bedroom, Brown","B0BZVN9VKD","https://www.amazon.com/dp/B0BZVN9VKD?psc=1","https://m.media-amazon.com/images/I/81niy6qejqL._AC_SY450_.jpg","MNEETRUNG",69.99,"n/a","n/a","254,575","CN",22.63,1,4.9,23,7,0,"Mneetrung","Home & Kitchen","Large Standard-Size","FBA","13.7x6.0x17.3",18.04,"3/29/2023"
"HOOBRO End Table, Nightstand with 2-Tier Mesh Shelves, Side Table for Living Room, Bedroom, Industrial, Stable Steel Frame, Easy Assembly, Rustic Brown BF21BZ01","B09MTJLY9N","https://www.amazon.com/dp/B09MTJLY9N?psc=1","https://m.media-amazon.com/images/I/71QIaJYko6L._AC_SX466_.jpg","HOOBRO",25.99,251,"6,523.49","97,091","CN",12.67,4,4.5,117,8,5,"Hoobro","Home & Kitchen","Large Standard-Size","FBA","12.5x3.5x17.0",7.74,"n/a"
"($) VASAGLE Side Table with Charging Station, Narrow End Table with 2 Drawers, Slim Nightstand and Bedside Table with Storage, for Small Spaces, Greige and Black ULET321B02","B0BRXZRG5J","https://www.amazon.com/dp/B0BRXZRG5J?psc=1","https://m.media-amazon.com/images/I/81kJOj6XdAL._AC_SX679_.jpg","VASAGLE",99.99,"n/a","n/a","55,676","US",39.43,1,4.6,3,8,0,"Songmics Direct","Home & Kitchen","Small Oversize","FBA","16.7x5.5x28.0",35.11,"5/18/2023"
"($) FurnitureR Vintage Industrial Small End Tables, Modern Durable Square Storage Side Table for Living Room and Bedroom - Stylish Solutions for Small Spaces","B09T3DBJ2P","https://www.amazon.com/dp/B09T3DBJ2P?psc=1","https://m.media-amazon.com/images/I/61GsnN9fFGL._AC_SY450_.jpg","FurnitureR",73.99,0,0.00,"2,998,364","CA",29.23,1,5.0,4,9,0,"FurnitureR- USA","Home & Kitchen","Small Oversize","FBA","22.3x4.0x23.9",20.60,"2/22/2022"
"($) VECELO End Tables Set of 2, Modern Nightstands with Drawer& Shelf, Night Stand for Bedroom Living Room,Industrial Metal Frame, 2 Pack, Vintage Brown","B09C5VZS12","https://www.amazon.com/dp/B09C5VZS12?psc=1","https://m.media-amazon.com/images/I/71BPuG2mAiL._AC_SY450_.jpg","VECELO",89.99,591,"53,184.09","69,786","AMZ",37.51,8,4.3,763,9,40,"Amazon","Home & Kitchen","Small Oversize","FBA","13.7x8.5x24.8",32.86,"8/9/2021"
"($) KSWIN Industrial End Table Side Table with 2-Tier Storage Shelf, 18'' Square Nightstand Bedside Table X-Design Metal Frame for Living Room Bedroom, Rustic Brown","B08S49Y41X","https://www.amazon.com/dp/B08S49Y41X?psc=1","https://m.media-amazon.com/images/I/716RF85B2aL._AC_SY450_.jpg","KSWIN",64.98,277,"17,999.46","114,564","CN",27.04,1,4.7,394,7,6,"KSWIN","Home & Kitchen","Small Oversize","FBA","20.3x3.8x22.4",18.54,"1/5/2021"
"ALLOSWELL Small Side Table, End Table with Storage Shelf, 14.6 x 10.6 x 19.9 Inches, Nightstand X-Shaped Design, Bedside Table, Steel Frame, Living Room, Bedroom, Easy Assembly, Rustic Brown ETHR2801","B09G2L33ZX","https://www.amazon.com/dp/B09G2L33ZX?psc=1","https://m.media-amazon.com/images/I/717EXLXHa4L._AC_SX425_.jpg","ALLOSWELL",19.99,486,"9,715.14","24,952","CN",11.93,7,4.3,471,9,27,"ALLOSWELL","Home & Kitchen","Large Standard-Size","FBA","13.2x3.4x17.3",8.38,"1/6/2022"
"Winsome Wood Claire Accent Table, Black","B000NPSGPS","https://www.amazon.com/dp/B000NPSGPS?psc=1","https://m.media-amazon.com/images/I/71fJ0TjspXL._AC_SY355_.jpg","Winsome",35.16,"1,542","54,216.72","19,423","AMZ",23.40,25,4.4,"19,526",11,83,"Amazon","Home & Kitchen","Small Oversize","FBA","19.4x4.7x23.1",20.05,"11/1/2000"
"CosmoLiving Westerleigh End Table, White","B07KWWB7SZ","https://www.amazon.com/dp/B07KWWB7SZ?psc=1","https://m.media-amazon.com/images/I/81nwpqZXGBL._AC_SY450_.jpg","CosmoLiving by Cosmopolitan",78.12,"1,114","87,025.68","8,672","AMZ",35.72,11,4.2,847,13,14,"Amazon","Home & Kitchen","Small Oversize","AMZ","26.0x6.3x30.0",33.01,"n/a"
"WOODYNLUX End Table Nightstands Set of 2, 3-Tier Bedside Tables, 5-Tier Shelf Bookcase, Nightstand Accent Table for Couch, Living Room, Bedroom, Rustic Brown and Black, Easy Assembly.","B0BMLQPHDB","https://www.amazon.com/dp/B0BMLQPHDB?psc=1","https://m.media-amazon.com/images/I/714CWHXLh1L._AC_SX425_.jpg","WOODYNLUX",49.99,"1,300","64,987.00","34,616","CN",19.63,1,4.7,233,7,24,"haoding home","Home & Kitchen","Large Standard-Size","FBA","12.8x4.3x17.0",18.40,"11/16/2022"
"($) SinCiDo Nightstand with Charging Station, 20"" Farmhouse End Table w/Sliding Groove Barn Door, Rustic Wood Sofa Side Bedside Table w/Open & Adjustable Shlef for Bedroom, Living Room, Dark Grey","B0C49X9P65","https://www.amazon.com/dp/B0C49X9P65?psc=1","https://m.media-amazon.com/images/I/71OP0MFoE-L._AC_SY450_.jpg","SinCiDo",139.99,"n/a","n/a","34,441","US","n/a",1,5.0,2,6,0,"Shengye Development","Home & Kitchen","n/a","MFN","n/a","n/a","5/4/2023"
"($) Aheaplus End Table Set of 2 with Charging Station, 3 Tier Slim Side Table with USB Ports & Outlets, Narrow Bedside Nightstand with Storage Shelf, Sofa Side Table for Bedroom, Living Room, Grey Oak","B0B5X7CYTR","https://www.amazon.com/dp/B0B5X7CYTR?psc=1","https://m.media-amazon.com/images/I/71j1JPqaIiL._AC_SX679_.jpg","Aheaplus",89.99,605,"54,443.95","30,292","CN",25.95,1,4.3,331,7,28,"Aheaplus","Home & Kitchen","Large Standard-Size","FBA","13.5x6.7x16.3",19.44,"8/22/2022"
"($) HIFYOBRO End Table with Charging Station, Side Table with Storage for Living Room and Bed Room, Power outlets & USB Ports, Adjustable Shelf","B0BB1WLXJ8","https://www.amazon.com/dp/B0BB1WLXJ8?psc=1","https://m.media-amazon.com/images/I/71TGnc9qr-L._AC_SX569_.jpg","HIFYOBRO",199.99,505,"100,994.95","72,643","CN",55.69,1,4.3,401,6,43,"HIFYOBRO","Home & Kitchen","Small Oversize","FBA","17.2x8.8x26.7",39.01,"8/18/2022"
"($) danpinera 2 Tier Metal Side Table with Removable Tray, Folding End Table Outdoor Side Table Small Accent Table, Anti-Rust Green Nightstand for Bedroom Balcony Patio (Dark Green)","B09GKGWZP3","https://www.amazon.com/dp/B09GKGWZP3?psc=1","https://m.media-amazon.com/images/I/614WQjNZIaL._AC_SY355_.jpg","danpinera",49.99,734,"36,692.66","11,751","CN",20.59,1,4.4,607,8,23,"LongT HOME","Patio, Lawn & Garden","Small Oversize","FBA","18.0x3.3x21.3",8.10,"5/9/2021"
"Furinno Simple Design End/SideTable, Espresso","B003VP10PK","https://www.amazon.com/dp/B003VP10PK?psc=1","https://m.media-amazon.com/images/I/51s0FECr-BL._AC_SY355_.jpg","Furinno",10.24,"1,653","16,926.72","4,026","AMZ",15.89,7,4.4,"10,488",9,83,"Amazon","Home & Kitchen","Small Oversize","AMZ","22.0x2.1x22.7",11.90,"8/23/2011"
"VASAGLE Nightstands Set of 2, 3-Tier End Table, Side Desk for Small Space in Living Room, Bedroom, Steel Frame, Easy Assembly, 2-Pack, Chestnut Brown and Black","B08K7B8FD2","https://www.amazon.com/dp/B08K7B8FD2?psc=1","https://m.media-amazon.com/images/I/71fk6nwuPzL._AC_SX569_.jpg","VASAGLE",30.93,330,"10,206.90","41,017","AMZ",20.25,2,4.6,"2,853",9,24,"Amazon","Home & Kitchen","Small Oversize","AMZ","14.0x3.5x27.0",14.55,"9/27/2020"
"Winsome Wood Nolan Occasional Table, Cappuccino 20.00 x 20.00 x 21.97 Inches","B0046EC0LS","https://www.amazon.com/dp/B0046EC0LS?psc=1","https://m.media-amazon.com/images/I/61VrFfZEXyL._AC_SY450_.jpg","Winsome",53.70,187,"10,041.90","83,832","AMZ",29.97,28,4.7,"2,001",8,4,"Amazon","Home & Kitchen","Small Oversize","AMZ","24.0x7.0x24.2",24.15,"n/a"
"Yoobure C Shaped End Table with Charging Station, Small Side Tables for Living Room, Bedroom, Sofa Table with USB Ports and Outlets for Small Spaces, C Couch Table Rustic Snack Table Bed Side Table","B0B58BL8C9","https://www.amazon.com/dp/B0B58BL8C9?psc=1","https://m.media-amazon.com/images/I/61TlLpGgR-L._AC_SY355_.jpg","Yoobure",45.99,"2,645","121,643.55","10,477","HK",16.30,4,4.6,693,7,75,"Super A Plus","Home & Kitchen","Large Standard-Size","FBA","12.1x3.5x17.4",9.52,"8/23/2022"
"($) Homieasy End Table, 20 Inch Square Side Table Modern Night Stand with 2-Tier Storage Shelf, Living Room Small Coffee Table, Wood Finish Bedside Table for Bedroom,Black Oak","B08Z7P9ZC5","https://www.amazon.com/dp/B08Z7P9ZC5?psc=1","https://m.media-amazon.com/images/I/71DsrNsySzS._AC_SY355_.jpg","Homieasy",69.99,473,"33,105.27","60,740","CN",28.78,2,4.7,958,7,10,"HomiEasy","Home & Kitchen","Small Oversize","FBA","22.8x4.0x23.8",19.29,"3/17/2021"
"VASAGLE Side Table with Charging Station, Narrow End Table with 2 Drawers, Slim Nightstand and Bedside Table with Storage, for Small Spaces, Greige and Black ULET321B02","B0BRXZRG5J","https://www.amazon.com/dp/B0BRXZRG5J?psc=1","https://m.media-amazon.com/images/I/81kJOj6XdAL._AC_SX679_.jpg","VASAGLE",99.99,"n/a","n/a","55,676","US",39.43,1,4.6,3,8,0,"Songmics Direct","Home & Kitchen","Small Oversize","FBA","16.7x5.5x28.0",35.11,"5/18/2023"
"VASAGLE Small Round Side End Table, Modern Nightstand with Fabric Basket, White + Beige","B0BBTN7F4Q","https://www.amazon.com/dp/B0BBTN7F4Q?psc=1","https://m.media-amazon.com/images/I/71PfQeVSYKL._AC_SX569_.jpg","VASAGLE",42.99,"3,564","153,216.36","9,428","AMZ",20.80,9,4.6,116,9,31,"Amazon","Home & Kitchen","Small Oversize","AMZ","20.1x3.8x21.5",10.05,"8/25/2022"
"SinCiDo Nightstand with Charging Station, 20"" Farmhouse End Table w/Sliding Groove Barn Door, Rustic Wood Sofa Side Bedside Table w/Open & Adjustable Shlef for Bedroom, Living Room, White","B0C49XTTF7","https://www.amazon.com/dp/B0C49XTTF7?psc=1","https://m.media-amazon.com/images/I/71pAiXboSqL._AC_SY355_.jpg","SinCiDo",139.99,"n/a","n/a","34,441","US","n/a",1,5.0,2,6,0,"Shengye Development","Home & Kitchen","n/a","MFN","n/a","n/a","5/4/2023"
"ZINUS Dane 20 Inch Black Frame Side Table / End Table / Easy Assembly, Red mahogany wood grain","B01BEGS15E","https://www.amazon.com/dp/B01BEGS15E?psc=1","https://m.media-amazon.com/images/I/81dHzhX9JtL._AC_SY450_.jpg","Zinus",31.83,977,"31,097.91","36,202","AMZ",20.38,6,4.5,"8,355",11,30,"Amazon","Home & Kitchen","Small Oversize","FBA","20.7x2.0x22.9",14.29,"n/a"
"Furinno Andrey End Table / Side Table / Night Stand / Bedside Table with Bin Drawer, Columbia Walnut/Dark Brown","B07FKRG3YN","https://www.amazon.com/dp/B07FKRG3YN?psc=1","https://m.media-amazon.com/images/I/51Y+n3kZ7OL._AC_SX466_.jpg","Furinno",18.06,"5,839","105,452.34","3,607","AMZ",17.05,7,4.1,"54,120",7,202,"Amazon","Home & Kitchen","Small Oversize","AMZ","18.0x3.0x20.0",11.50,"7/13/2018"
"Pipishell Bamboo Stackable End Tables, Wood Living Room Nightstand, Bedside Tables for Bedroom Storage, Set of 2","B07WG51N84","https://www.amazon.com/dp/B07WG51N84?psc=1","https://m.media-amazon.com/images/I/6112nVKkcPL._AC_SY355_.jpg","Pipishell",52.76,759,"40,044.84","32,332","CN",20.39,6,4.2,"2,168",8,34,"Lifecare Supplies","Home & Kitchen","Large Standard-Size","FBA","12.7x6.0x17.8",16.23,"8/16/2019"
"WLIVE End Table, 2-Tier Small Side Table with Open Storage, Narrow Side Stand for Bedroom, Living Room, Couch, Study, Modern End Stand with Sturdy Metal Frame, Sturdy Easy Assembly,Black","B0BCKF79BW","https://www.amazon.com/dp/B0BCKF79BW?psc=1","https://m.media-amazon.com/images/I/71RP+4IbFPL._AC_SX522_.jpg","WLIVE",23.99,"1,765","42,342.35","21,696","CN",12.53,1,4.4,114,8,19,"SYL-HOME","Home & Kitchen","Large Standard-Size","FBA","13.1x2.7x17.3",8.30,"8/31/2022"
"Round End Table 24"" w X 24"" l 25.25"" h Brown Grey Mission Craftsman Traditional Wood Antique Finish Includes Hardware Solid","B0BRJSD5SR","https://www.amazon.com/dp/B0BRJSD5SR?psc=1","https://m.media-amazon.com/images/I/81fsnMekWLL._AC_SX425_.jpg","Generic","2,897.99",0,0.00,"8,578,411","CA","n/a",2,"n/a",0,3,0,"Bloomondo","Home & Kitchen","n/a","MFN","n/a","n/a","12/30/2022"
"FORAOFUR Side Table, Small End Table Accent Table Living Room Bedroom Balcony Office, Modern Side Table Bedside Table Home Decor, Easy Assembly","B09TFHLB3J","https://www.amazon.com/dp/B09TFHLB3J?psc=1","https://m.media-amazon.com/images/I/51UCaA8FFXL._AC_SX425_.jpg","FORAOFUR",23.39,"1,844","43,131.16","12,050","CN",11.32,1,4.6,413,7,36,"HAITE HOME","Home & Kitchen","Large Standard-Size","FBA","13.3x2.8x17.2",4.59,"2/25/2022"
"HOOBRO Round Side Table, Round Accent End Table with Sturdy X-Shaped Metal Frame, 15.7"" Round Nightstand, for Living Room, Bedroom, Balcony, Office Rustic Brown BF95BZ01","B09X39XJQJ","https://www.amazon.com/dp/B09X39XJQJ?psc=1","https://m.media-amazon.com/images/I/61Yb+NUvviL._AC_SY450_.jpg","HOOBRO",33.99,460,"15,635.40","40,545","CN",17.77,4,4.6,107,9,43,"Hoobro","Home & Kitchen","Small Oversize","FBA","17.4x2.1x17.9",7.20,"8/2/2022"
"Convenience Concepts Designs2Go Classic Glass 2 Tier Round End Table, Glass , 15.75 in x 15.75 in x 24.41 in","B00OJ2C2V0","https://www.amazon.com/dp/B00OJ2C2V0?psc=1","https://m.media-amazon.com/images/I/51pSZ8A6hxL._AC_SY450_.jpg","Convenience Concepts",21.57,535,"11,539.95","22,205","AMZ",17.17,15,4.7,"3,097",6,30,"Amazon","Home & Kitchen","Small Oversize","AMZ","20.7x3.0x21.0",10.60,"n/a"
"Convenience Concepts Designs2Go Classic Glass 3 Tier Round Table, Glass","B000W9Y046","https://www.amazon.com/dp/B000W9Y046?psc=1","https://m.media-amazon.com/images/I/31DnDJhkqvL._AC_.jpg","Convenience Concepts",27.54,77,"2,120.58","51,462","AMZ",19.73,13,4.8,"1,062",2,9,"Amazon","Home & Kitchen","Small Oversize","AMZ","18.5x3.3x18.8",14.55,"4/29/2006"
"VECELO Modern Nightstands X-Design Side End Table Night Stand with Storage Shelf for Bedroom,Living Room,Set of 2 (Brown A2)","B08CZ4MS4S","https://www.amazon.com/dp/B08CZ4MS4S?psc=1","https://m.media-amazon.com/images/I/81Z5ogHA60L._AC_SX522_.jpg","VECELO",88.21,"2,244","197,943.24","10,289","AMZ",36.82,5,4.3,"7,418",7,127,"Amazon","Home & Kitchen","Small Oversize","FBA","13.1x8.1x26.3",33.80,"n/a"
"LDTTCUK Side Table with Charging Station, End Table with Power Outlet & USB Ports, Nightstand with 2 Tiers Storage Space and Storage Cabinet, Sofa Side Tables for Bedroom, Living Room,Office,Black","B0BN67TVVP","https://www.amazon.com/dp/B0BN67TVVP?psc=1","https://m.media-amazon.com/images/I/71arUJLqusL._AC_SY450_.jpg","LDTTCUK",79.99,683,"54,633.17","34,320","CN",23.49,1,4.3,202,7,26,"yiboshangmao123","Home & Kitchen","Large Standard-Size","FBA","13.5x6.7x16.9",16.16,"11/23/2022"
"AMHANCIBLEC Shaped End Table Set of 2, Side Tables for Sofa, Couch Table Snack Side Table for Livingroom Bedroom, Greige HET02CGY","B09LCDGW8Q","https://www.amazon.com/dp/B09LCDGW8Q?psc=1","https://m.media-amazon.com/images/I/61ZBRH2tf-L._AC_SX679_.jpg","AMHANCIBLE",57.59,"1,491","85,866.69","11,501","CN",19.17,3,4.5,752,8,33,"Amhancible","Home & Kitchen","Large Standard-Size","FBA","13.0x6.1x17.1",13.49,"11/9/2021"
"Yoobure C Shaped End Table, Side Table for Couch and Bed, Small Side Table for Small Spaces, Living Room, Bedroom, Rustic Snack Table","B09QC6QN7D","https://www.amazon.com/dp/B09QC6QN7D?psc=1","https://m.media-amazon.com/images/I/511ysW9DwML._AC_SX679_.jpg","Yoobure",35.99,"1,965","70,720.35","17,498","HK",14.17,15,4.5,957,7,70,"Super A Plus","Home & Kitchen","Large Standard-Size","FBA","12.3x3.0x17.6",7.78,"4/24/2022"
"Frenchi Furniture Magazine Table Finish: White","B006T3R5HI","https://www.amazon.com/dp/B006T3R5HI?psc=1","https://m.media-amazon.com/images/I/41iT+49l1FL._AC_SY355_.jpg","Frenchi Furniture",14.82,176,"2,608.32","40,753","AMZ",18.67,9,4.6,"1,467",1,3,"Amazon","Home & Kitchen","Small Oversize","AMZ","18.0x5.2x25.2",10.80,"1/3/2012"
"Side Table, End Table with 2 Tier Open Storage Shelf, Slim Nightstand for Bedroom, Living Room, Couch, Hallway, Spacious and Skinny, Modern Console Table with Sturdy Metal Frame","B0BLP2BD8X","https://www.amazon.com/dp/B0BLP2BD8X?psc=1","https://m.media-amazon.com/images/I/81AcyF5O0sL._AC_SX466_.jpg","TOY MANIAC",29.99,143,"4,288.57","159,578","CN",13.43,1,4.3,27,7,8,"JOYMART  Deals","Home & Kitchen","Large Standard-Size","FBA","13.1x2.3x17.5",7.91,"11/7/2022"
"Furinno Turn-N-Tube End Table, 2-Pack, Espresso","B075JKK2M5","https://www.amazon.com/dp/B075JKK2M5?psc=1","https://m.media-amazon.com/images/I/61MQCNRXKjL._AC_SY355_.jpg","Furinno",22.29,673,"15,001.17","39,195","AMZ",19.79,8,4.3,"7,082",7,61,"Amazon","Home & Kitchen","Small Oversize","AMZ","14.3x4.6x32.8",16.70,"9/11/2017"
"Ameriwood Home Parsons Modern End Table, 20 in x 20 in x 17.7 in (D x W x H), Espresso","B009OBA2L8","https://www.amazon.com/dp/B009OBA2L8?psc=1","https://m.media-amazon.com/images/I/91R3nj8+T2S._AC_SX569_.jpg","Ameriwood Home",27.59,885,"24,417.15","37,875","AMZ",17.64,5,4.5,"8,341",8,50,"Amazon","Home & Kitchen","Small Oversize","AMZ","20.8x2.2x28.3",9.00,"n/a"
"CADANI Round Side Table, Black Modern End Table, Metal Accent Table for Small Spaces, Living Room, Bedroom, Balcony, Easy Assembly, 15.8x18.9inches","B0B1H7VNR2","https://www.amazon.com/dp/B0B1H7VNR2?psc=1","https://m.media-amazon.com/images/I/71aAYU1G47L._AC_SY450_.jpg","CADANI",33.97,"1,147","38,963.59","23,855","CN",14.55,1,4.6,254,7,46,"MiaoHui Crafts","Home & Kitchen","Small Oversize","FBA","16.7x2.8x17.0",5.35,"5/17/2022"
"ALLOSWELL End Table, Side Table with Storage Shelf, Slim Nightstand, Steel Frame, for Living Room, Study, Bedroom, Industrial Design, Greige ETHG5001","B09Z2MLC94","https://www.amazon.com/dp/B09Z2MLC94?psc=1","https://m.media-amazon.com/images/I/61G1XzXPUSL._AC_SY450_.jpg","ALLOSWELL",21.99,579,"12,732.21","36,851","CN",12.23,1,4.3,450,8,18,"ALLOSWELL","Home & Kitchen","Large Standard-Size","FBA","12.8x3.5x16.9",8.15,"4/28/2022"
"HOOBRO End Table, Small Side Table, Nightstand with 2-Layer Storage Shelves, Sofa Table for Small Spaces, Living Room, Bedroom, Stable Frame, Easy Assembly, Rustic Brown BF09BZ01","B09MTGKK9R","https://www.amazon.com/dp/B09MTGKK9R?psc=1","https://m.media-amazon.com/images/I/711-JsvqqkL._AC_SX466_.jpg","HOOBRO",23.99,825,"19,791.75","43,366","CN",12.21,5,4.5,499,8,23,"Hoobro","Home & Kitchen","Large Standard-Size","FBA","11.9x3.1x17.1",7.10,"n/a"
"Winsome Eugene Table, White","B0046EC0HW","https://www.amazon.com/dp/B0046EC0HW?psc=1","https://m.media-amazon.com/images/I/61JveBx0KBL._AC_SX569_.jpg","Winsome",41.21,"2,923","120,456.83","5,308","AMZ",23.89,18,4.1,"24,330",11,76,"Amazon","Home & Kitchen","Small Oversize","AMZ","17.9x4.3x26.6",19.35,"10/2/2003"
"Nightstand with Drawers Bedside Table End Table for Small Space Side Table Night Stand with Wood Open Storage Shelf, Rustic Side Table for Bedroom, Living Room, Study, Office, Pantry","B0B316P76F","https://www.amazon.com/dp/B0B316P76F?psc=1","https://m.media-amazon.com/images/I/71-ic2TU3WL._AC_SX679_.jpg","Pabroni",39.99,396,"15,836.04","73,545","CN",15.41,1,4.3,109,7,14,"Pabroni","Home & Kitchen","Large Standard-Size","FBA","13.4x5.5x17.1",9.72,"6/2/2022"
"HOUIT End Table with Charging Station, Narrow Flip Top Side Table with USB Ports and Outlets, Nightstand with Storage for Small Spaces, Bedside Tables for Living Room, Bedroom","B0BG8GCSYK","https://www.amazon.com/dp/B0BG8GCSYK?psc=1","https://m.media-amazon.com/images/I/71LphdAZ2TL._AC_SX466_.jpg","HOUIT",39.99,325,"12,996.75","38,560","CN",17.64,1,4.7,152,7,12,"HOUIT","Home & Kitchen","Large Standard-Size","FBA","13.5x7.3x17.3",16.65,"9/23/2022"
"Ball & Cast Traditional End Table with Charging Station Chair Side Table with USB Ports & Outlets, Dark Brown","B07H2BTCFZ","https://www.amazon.com/dp/B07H2BTCFZ?psc=1","https://m.media-amazon.com/images/I/81yipqmySYL._AC_SY450_.jpg","Ball & Cast",120.85,"n/a","n/a","3,210","AMZ",69.52,3,4.4,"1,603",9,0,"Amazon","Our Brands","Medium Oversize","AMZ","25.5x16.0x26.5",40.01,"10/27/2018"
"LIDYUK End Table with Charging Station, Flip Top Side Table with USB Ports and Outlets, Nightstand for Small Spaces, Bedside Tables with Storage Shelf for Living Room, Bedroom, Dark Cherry","B0C1ZB5XCV","https://www.amazon.com/dp/B0C1ZB5XCV?psc=1","https://m.media-amazon.com/images/I/71bPE4JebFL._AC_SX569_.jpg","LIDYUK",79.99,"3,050","243,969.50","14,315","CN",23.81,1,4.5,"1,899",7,0,"LIDYUK","Home & Kitchen","Large Standard-Size","FBA","13.4x6.2x17.4",17.44,"4/10/2023"
"VASAGLE Side Table, Round End Table with 2 Shelves for Living Room, Bedroom, Small Table with Steel Frame for Smaller Spaces, Outdoor, Greige and Black","B07XXLG1JG","https://www.amazon.com/dp/B07XXLG1JG?psc=1","https://m.media-amazon.com/images/I/61U4oHKu4fL._AC_SX425_.jpg","VASAGLE",59.99,468,"28,075.32","101,022","n/a",24.61,1,4.7,"1,631",9,38,"n/a","Home & Kitchen","Small Oversize","FBA","23.4x3.4x23.8",14.20,"12/29/2019"
"AOJEZOR End Table,Round End Table Ideal for Any Room-Side Tables Living Room,Side Tables Bedroom,Metal Structure Side Table Great for Indoor & Outdoor,Matte Gray Tray with 3 Gold Legs Accent Table","B07GYVWTF5","https://www.amazon.com/dp/B07GYVWTF5?psc=1","https://m.media-amazon.com/images/I/710rZNtsVvL._AC_SX569_.jpg","AOJEZOR",45.88,"3,731","171,178.28","4,644","CN",19.71,1,4.6,"3,277",9,55,"Aojezor","Home & Kitchen","Small Oversize","FBA","19.0x2.0x23.0",6.80,"8/31/2018"
"AWASEN Side Table, Small End Accent Table for Living Room Bedroom Office Small Spaces, Modern White Side Table Nightstand with Solid Wood, Easy Assembly, (White)","B0BYMWHZJC","https://www.amazon.com/dp/B0BYMWHZJC?psc=1","https://m.media-amazon.com/images/I/51ihJ0cmhsL._AC_SX425_.jpg","AWASEN",25.99,"n/a","n/a","103,020","CN",12.03,1,4.6,57,6,5,"Awasen Direct","Home & Kitchen","Large Standard-Size","FBA","13.7x2.8x17.0",5.89,"3/16/2023"
"HOOBRO Side Table with Charging Station, End Table with USB Ports and Outlet, Nightstand with 2-Layer Storage Shelves for Small Spaces, Living Room, Bedroom, Stable Frame, Rustic Brown BF09UBZ01","B0B9GXLK1P","https://www.amazon.com/dp/B0B9GXLK1P?psc=1","https://m.media-amazon.com/images/I/618WGX6c5rL._AC_SX466_.jpg","HOOBRO",29.99,"1,665","49,933.35","15,821","CN",13.27,5,4.4,126,9,23,"Hoobro","Home & Kitchen","Large Standard-Size","FBA","12.0x4.2x17.3",8.18,"8/12/2022"
"Furologee Nightstand with 2 Fabric Drawers, Bedside Table, End Table with Open Wood Shelf, Side Sofa Table with 2 Hooks for Bedroom/Living Room/Study/Halway/Rustic Brown","B0BG7GKHK9","https://www.amazon.com/dp/B0BG7GKHK9?psc=1","https://m.media-amazon.com/images/I/71skjvum-0L._AC_SY450_.jpg","Furologee",38.89,"1,168","45,423.52","23,490","CN",15.72,1,4.0,184,9,70,"Engriy Store","Home & Kitchen","Large Standard-Size","FBA","13.0x4.0x17.0",11.44,"9/23/2022"
"($) SinCiDo Nightstand with Charging Station, 20"" Farmhouse End Table w/Sliding Groove Barn Door, Rustic Wood Sofa Side Bedside Table w/Open & Adjustable Shlef for Bedroom, Living Room, White","B0C49XTTF7","https://www.amazon.com/dp/B0C49XTTF7?psc=1","https://m.media-amazon.com/images/I/71pAiXboSqL._AC_SY355_.jpg","SinCiDo",139.99,"n/a","n/a","34,441","US","n/a",1,5.0,2,6,0,"Shengye Development","Home & Kitchen","n/a","MFN","n/a","n/a","5/4/2023"
"($) JXQTLINGMU Farmhouse End Table, 24"" Large Sofa Side Table with Charging Station, Mesh Barn Door, and Adjustable Storage Shelf, Rustic Wood Square Nightstand for Living Room, Bedroom, Office, Black","B0C2YZKTJD","https://www.amazon.com/dp/B0C2YZKTJD?psc=1","https://m.media-amazon.com/images/I/818aIQ-RpCL._AC_SX466_.jpg","JXQTLINGMU",169.99,739,"125,622.61","91,853","US",54.97,2,4.8,27,6,26,"LINGMU Furniture","Home & Kitchen","Small Oversize","MFN","27.4x27.8x6.5",47.39,"4/19/2023"
"($) KATHY&BOB Round Side Table, End Table with Storage Shelf, Industrial Accent Table with Metal Frame, Small Round Side Table for Living Room, Bedroom and Small Spaces, Easy Assembly, Rustic Brown","B09VP1PK3J","https://www.amazon.com/dp/B09VP1PK3J?psc=1","https://m.media-amazon.com/images/I/71f9ZtqSnHL._AC_SX569_.jpg","KATHY&BOB",69.99,16,"1,119.84","432,928","CN",25.21,1,4.9,25,8,0,"KBhome","Home & Kitchen","Small Oversize","FBA","22.5x4.8x26.0",15.00,"3/16/2022"
"($) LINSY HOME End Table with Charging Station, Side Table for Bedroom with Drawer and Detachable Holder, Storage Shelf with Glass Door, Extra Storage & Display Space, Small Nightstand for Living Room","B0BW38FLGT","https://www.amazon.com/dp/B0BW38FLGT?psc=1","https://m.media-amazon.com/images/I/71X1Cif67fL._AC_SX569_.jpg","LINSY HOME",179.99,90,"16,199.10","466,856","AMZ",56.62,1,4.2,4,9,1,"Amazon","Home & Kitchen","Small Oversize","AMZ","26.0x26.0x7.5",45.40,"2/17/2023"
"Furinno JAYA End Table, One, Walnut","B01K8JEF5I","https://www.amazon.com/dp/B01K8JEF5I?psc=1","https://m.media-amazon.com/images/I/61jcNzHRv5L._AC_SY450_.jpg","Furinno",17.10,392,"6,703.20","116,816","AMZ",15.66,12,3.7,"3,138",6,28,"Amazon","Home & Kitchen","Small Oversize","AMZ","20.9x1.9x21.8",8.35,"8/11/2016"
"MENYCNJ C Shaped Table for safa Small C Side Table for Living Room and Small Spaces- Easy Assembly, C Shaped Round End Table for Couch and Bed, Night Stand for Bedroom, Wood/Black","B0BZZTL5RS","https://www.amazon.com/dp/B0BZZTL5RS?psc=1","https://m.media-amazon.com/images/I/51OodfZCsnL._AC_SY355_.jpg","MENYCNJ",55.99,"n/a","n/a","55,612","CN",22.90,1,2.0,4,6,2,"HengTuo Int'l Trade","Home & Kitchen","Small Oversize","FBA","13.4x4.0x24.5",5.25,"3/30/2023"
"TUTOTAK End Table with Charging Station, Set of 2, Side Table with USB Ports and Outlets, Nightstand, 2-Tier Storage Shelf, Sofa Table for Small Space, Living Room, Bed Room TB01BK041","B0BXSYFNQ8","https://www.amazon.com/dp/B0BXSYFNQ8?psc=1","https://m.media-amazon.com/images/I/71nF2U8uZSL._AC_SX425_.jpg","TUTOTAK",49.99,890,"44,491.10","29,177","CN",16.75,1,4.4,306,8,0,"TUTOTAK","Home & Kitchen","Large Standard-Size","FBA","13.5x17.7x5.3",8.00,"5/26/2023"
"LELELINKY End Table with Charging Station,Night Stands with USB Ports & Outlets, Black Nightstands, Bedside Tables with Storage Shelf, Slim Modern Side Table with Bin Drawer for Bedroom","B0C2CWVDXH","https://www.amazon.com/dp/B0C2CWVDXH?psc=1","https://m.media-amazon.com/images/I/7149wfB7P9L._AC_SY355_.jpg","LELELINKY",39.99,"n/a","n/a","50,178","CN",17.04,1,4.4,101,8,2,"Lelelinky Direct","Home & Kitchen","Large Standard-Size","FBA","13.4x4.9x17.3",11.88,"4/13/2023"
"DongRong C Shaped End Table, Couch Side Snack Table Rustic Industrial Sofa Table with Metal Frame for Living Room Bedroom","B0B3WQKJ5R","https://www.amazon.com/dp/B0B3WQKJ5R?psc=1","https://m.media-amazon.com/images/I/71i2OnueSWL._AC_SX679_.jpg","DongRong",28.99,35,"1,014.65","268,710","CN",18.28,1,4.6,66,6,36,"Dong Rong","Home & Kitchen","Small Oversize","FBA","22.1x1.3x25.4",10.50,"6/13/2022"
"Labcosi Modern Farmhouse Side Table, Narrow End Table with Charging Station, Flip Top End Table with Storage Shelf, Rustic Oak Color","B0BLVLQVQ9","https://www.amazon.com/dp/B0BLVLQVQ9?psc=1","https://m.media-amazon.com/images/I/71a2+cMATqL._AC_SX522_.jpg","Lab Cosi",72.99,276,"20,145.24","114,102","US",32.86,1,4.3,56,6,9,"Labcosi","Home & Kitchen","Small Oversize","FBA","15.0x9.0x30.0",26.55,"11/9/2022"
"($) T4TREAM Nightstand wtih Charging Station, End Table, Side Table with 2 Drawers Storage Cabinet for Bedroom, Living Room, Farmhouse Design, Wood Rustic,Light Rustic Oak","B0B8GW7BCL","https://www.amazon.com/dp/B0B8GW7BCL?psc=1","https://m.media-amazon.com/images/I/8183i-9DsoL._AC_SX425_.jpg","T4TREAM",139.99,"5,519","772,604.81","6,219","CN","n/a",1,4.1,865,6,144,"xiuxiumaoyi","Home & Kitchen","n/a","MFN","n/a","n/a","8/3/2022"
"VASAGLE Nightstand, End Table with Open Shelf, Side Table, Inner Adjustable Shelf, Steel Frame, 15.7 x 15.7 x 23.6 Inches, Bedroom, Industrial, Rustic Brown and Black ULET62BX","B07XL2X27V","https://www.amazon.com/dp/B07XL2X27V?psc=1","https://m.media-amazon.com/images/I/81LEdyA9FvL._AC_SX466_.jpg","VASAGLE",35.04,256,"8,970.24","18,761","AMZ",26.33,4,4.6,"2,090",6,11,"Amazon","Home & Kitchen","Small Oversize","AMZ","18.0x6.0x26.5",27.51,"n/a"
"Convenience Concepts Oxford End Table with Shelves, Espresso","B01CZULWHC","https://www.amazon.com/dp/B01CZULWHC?psc=1","https://m.media-amazon.com/images/I/61wYTVM-VIL._AC_SX679_.jpg","Convenience Concepts",37.71,702,"26,472.42","18,976","AMZ",23.79,16,4.6,"6,846",13,27,"Amazon","Home & Kitchen","Small Oversize","AMZ","19.3x5.8x25.7",18.45,"3/15/2016"
"ChooChoo Farmhouse End Table, Rustic Vintage Narrow End Side Table with Storage Shelf for Small Spaces, Nightstand Sofa Table for Living Room, Bedroom White","B09L82CQX7","https://www.amazon.com/dp/B09L82CQX7?psc=1","https://m.media-amazon.com/images/I/71xhljL+dEL._AC_SY355_.jpg","ChooChoo",65.99,615,"40,583.85","55,098","CN",26.77,1,4.7,203,6,31,"ChooChoo Furniture","Home & Kitchen","Small Oversize","FBA","14.7x6.1x27.2",16.76,"11/8/2021"
"HOOBRO End Table with Charging Station, Narrow Side Table with 2 Drawer & USB Ports & Power Outlets, Nightstand for Small Spaces, Stable and Sturdy, for Living Room, Bedroom, Rustic Brown BF541BZ01","B097XJBXNR","https://www.amazon.com/dp/B097XJBXNR?psc=1","https://m.media-amazon.com/images/I/81HF50fssDL._AC_SY450_.jpg","HOOBRO",75.96,"1,183","89,860.68","24,163","CN",30.36,6,4.5,"1,596",10,63,"Hoobro","Home & Kitchen","Small Oversize","FBA","14.0x5.3x22.4",22.35,"5/4/2023"
"($) JXQTLINGMU Nightstand with Charging Station, Rectangular Farmhouse End Table with Barn Door and Adjustable Storage Shelf, 17"" Deep Wood Rustic Sofa Side Table for Living Room, Bedroom, White","B0C37Y2HK8","https://www.amazon.com/dp/B0C37Y2HK8?psc=1","https://m.media-amazon.com/images/I/715hTTVcr8L._AC_SX569_.jpg","JXQTLINGMU",119.99,601,"72,113.99","69,778","US","n/a",1,4.8,8,6,0,"LINGMU Furniture","Home & Kitchen","n/a","MFN","n/a","n/a","4/21/2023"
"($) Ecoprsio Nightstand Industrial End Table Side Table with Drawer and Storage Shelf Wood Night Stand Rustic Bedside Table for Bedroom, Living Room, Sofa Couch, Hall, Easy Assembly","B08YZ3TZGS","https://www.amazon.com/dp/B08YZ3TZGS?psc=1","https://m.media-amazon.com/images/I/71NLHDlsLrL._AC_SX679_.jpg","Ecoprsio",59.99,456,"27,355.44","66,732","CN",26.22,9,4.4,693,7,18,"Ecoprsio Store","Home & Kitchen","Small Oversize","FBA","18.4x3.4x25.0",18.55,"3/15/2021"
"($) OKD Nightstand w/Charging Station, 18 Inch Farmhouse End Table w/Barn Door and Adjustable Storage Shelf, Rustic Wood Sofa Side Table w/Magnetic Door for Living Room, Bedroom, Light Rustic Oak","B098D3FSZT","https://www.amazon.com/dp/B098D3FSZT?psc=1","https://m.media-amazon.com/images/I/816oCEIJARL._AC_SX425_.jpg","OKD",119.99,626,"75,113.74","56,708","CN","n/a",1,4.4,361,6,43,"OKD-us","Home & Kitchen","n/a","MFN","n/a","n/a","7/1/2021"
"($) MODERION Round Large End Table with 2 tire Storage Shelf, 25.2” Solid Wood Sofa Side Table with Black Metal Frame, End Table for Bedroom,Living Room,Small Space Rustic Natural CJZ1338","B099WG88XD","https://www.amazon.com/dp/B099WG88XD?psc=1","https://m.media-amazon.com/images/I/81H8MWHSBnL._AC_SY355_.jpg","MODERION",129.99,82,"10,659.18","313,192","CN",38.89,1,3.9,25,9,0,"MODERION","Home & Kitchen","Small Oversize","FBA","28.0x4.0x28.5",24.00,"7/20/2021"
"ChooChoo Farmhouse End Table for Small Spaces, Narrow Side End Table with Storage Shelf, Rustic A-Design Nightstand Sofa Table for Living Room, Bedroom (White & Brown)","B0BQ24M7ZZ","https://www.amazon.com/dp/B0BQ24M7ZZ?psc=1","https://m.media-amazon.com/images/I/71QCf5KH5kL._AC_SX522_.jpg","ChooChoo",65.99,"n/a","n/a","84,120","CN",28.45,1,4.5,5,8,3,"ChooChoo Furniture","Home & Kitchen","Small Oversize","FBA","17.8x4.0x26.4",21.65,"12/14/2022"
"White Nightstand with Charging Station Bedroom Side Table End Table with USB Ports and Storage Shelf 3-Tier Bedside Table Small Sofa Table Modern Night Stand Charging Tables for Bedroom Living Room","B0BY1XXV8P","https://www.amazon.com/dp/B0BY1XXV8P?psc=1","https://m.media-amazon.com/images/I/71NYw5fcbRL._AC_SX522_.jpg","smusei",44.95,131,"5,888.45","151,035","CN",16.63,1,4.6,88,8,0,"SMUSEI Direct","Home & Kitchen","Large Standard-Size","FBA","13.5x6.3x17.5",11.31,"3/10/2023"
"COZAYH Rustic Farmhouse Tray Top End Table White Natural Finish MDF MDF Tray Top Farmhouse MDF End Tables","B086H9G5JX","https://www.amazon.com/dp/B086H9G5JX?psc=1","https://m.media-amazon.com/images/I/81YlJjQXKWL._AC_SX569_.jpg","COZAYH",85.99,398,"34,224.02","56,334","US",35.22,1,4.6,"1,809",5,17,"Cozayh","Home & Kitchen","Small Oversize","MFN","23.3x7.4x24.5",16.05,"3/28/2020"
"Convenience Concepts American Heritage Wedge End Table with Shelf, Espresso","B00FU3ZJBW","https://www.amazon.com/dp/B00FU3ZJBW?psc=1","https://m.media-amazon.com/images/I/81AEXpYNWOL._AC_SY355_.jpg","Convenience Concepts",56.69,352,"19,954.88","66,780","AMZ",28.31,9,4.6,"2,217",6,15,"Amazon","Home & Kitchen","Small Oversize","AMZ","19.0x6.8x27.0",17.00,"9/25/2013"
"($) LTTDOUK End Table with Charging Station, Nightstand with Rotatable USB Ports Cover and Anti-Drop Fence, 2-Tier Black Bedside Tables Small Side Table for Living Room, Bedroom, Office","B0BJ6WRNP2","https://www.amazon.com/dp/B0BJ6WRNP2?psc=1","https://m.media-amazon.com/images/I/61Ypr9Do6EL._AC_SX522_.jpg","LTTDOUK",39.99,113,"4,518.87","323,039","CN",15.41,1,4.5,78,9,13,"Yuanminghong","Home & Kitchen","Large Standard-Size","FBA","13.5x5.9x17.2",9.57,"10/14/2022"
"($) HOMPUS End Table Sets of 2 with Drawer and Shelf, Vintage Nightstand Sets with Pattern Drawer, Wood Grain Bedside Table, Modern Side Table Small Accent Table for Living Room, Bedroom, Light Grew","B0BX9HT7BN","https://www.amazon.com/dp/B0BX9HT7BN?psc=1","https://m.media-amazon.com/images/I/71YCiugHJVL._AC_SX466_.jpg","HOMPUS",169.99,234,"39,777.66","148,247","CN","n/a",1,4.3,10,7,7,"HOMPUS","Home & Kitchen","n/a","MFN","n/a","n/a","3/2/2023"
"($) IDEALHOUSE Narrow End Table for Small Spaces, Rectangular Farmhouse Nightstand Sofa Side Table for Living Room, Bedroom, Lounge(Vintage)","B09GYJF3WK","https://www.amazon.com/dp/B09GYJF3WK?psc=1","https://m.media-amazon.com/images/I/81US49wJcHL._AC_SY450_.jpg","IDEALHOUSE",69.99,447,"31,285.53","68,482","CN",30.04,3,4.7,292,7,20,"Yartaka shop","Home & Kitchen","Small Oversize","FBA","15.0x5.4x27.5",21.75,"11/19/2021"
"ChooChoo Side Table Living Room, Narrow End Table with Drawer and Shelf, 3-Tier Sofa End Table for Small Space, Black","B08NJKXNSN","https://www.amazon.com/dp/B08NJKXNSN?psc=1","https://m.media-amazon.com/images/I/71OFISAKIML._AC_SX466_.jpg","ChooChoo",84.99,411,"34,930.89","84,373","CN",32.56,1,4.4,572,6,17,"ChooChoo Furniture","Home & Kitchen","Small Oversize","FBA","14.3x7.0x27.0",24.95,"11/16/2020"
"LEMONDA 3 Legs Round End Table, 2 Tier Round Side Table with Storage Basket,11.8*17.8inches Round Metal Sofa Side Table,Small Round Nightstand,Small Coffee Table for Living Room Bedroom/Rustic Brown","B0BWRT9XP6","https://www.amazon.com/dp/B0BWRT9XP6?psc=1","https://m.media-amazon.com/images/I/61Js8vd9+8L._AC_SX466_.jpg","LEMONDA",29.99,555,"16,644.45","78,169","CN",12.63,1,4.4,45,9,11,"Lemonda-US","Home & Kitchen","Large Standard-Size","FBA","13.0x2.7x13.1",5.73,"2/24/2023"
"VECELO Side/End Storage with Shelf Versatile Nightstands Lamp Table Living Room Bedroom Furniture, Shelves, Classic Black","B08PF9MLHT","https://www.amazon.com/dp/B08PF9MLHT?psc=1","https://m.media-amazon.com/images/I/617kDZXokgL._AC_SX466_.jpg","VECELO",80.47,"n/a","n/a","n/a","AMZ",36.79,8,4.5,902,8,40,"Amazon","Home & Kitchen","Small Oversize","MFN","14.0x9.0x27.0",33.31,"n/a"
"Rolanstar End Table with Charging Station & 2 USB Ports, Side Table with Drawer and Shelf, Narrow End Table with Large Storage, Sofa Side Table Sturdy Bedside Table for Living Room Grey","B09836581H","https://www.amazon.com/dp/B09836581H?psc=1","https://m.media-amazon.com/images/I/71JTClrufOL._AC_SX679_.jpg","Rolanstar",59.99,302,"18,116.98","121,402","CN",29.65,1,4.6,"1,384",7,25,"RolanstarDirect","Home & Kitchen","Small Oversize","MFN","14.6x5.9x27.2",26.46,"6/28/2021"
"Treocho Farmhouse End Side Table, Rustic Vintage Nightstand with Shelf for Living Room, Bedroom, Grey Wash","B098Q5YZ7V","https://www.amazon.com/dp/B098Q5YZ7V?psc=1","https://m.media-amazon.com/images/I/61WZYq8rc8L._AC_SY450_.jpg","Treocho",59.99,172,"10,318.28","148,039","CN",28.39,2,4.4,175,8,6,"Treocho","Home & Kitchen","Small Oversize","FBA","23.8x4.0x24.2",23.60,"7/6/2021"
"ChooChoo White End Table, Flip Top Narrow Side Table for Small Spaces, Accent Nightstand Sofa Table for Living Room, Bedroom","B07S2QQXH4","https://www.amazon.com/dp/B07S2QQXH4?psc=1","https://m.media-amazon.com/images/I/81oOONm17IL._AC_SX679_.jpg","ChooChoo",64.99,801,"52,056.99","26,464","CN",30.40,10,4.4,"2,674",8,369,"ChooChoo Furniture","Home & Kitchen","Small Oversize","FBA","14.0x7.0x27.0",27.00,"8/15/2019"
"COTTON CRAFT Solid Wood Accent End Table - Hand Carved Vintage Boho Folding Side Table - Small Spaces Entryway Farmhouse Living Room Bedside - No Tools Assembly -18x18 Round - Jaipur Antique White","B00ULFLN78","https://www.amazon.com/dp/B00ULFLN78?psc=1","https://m.media-amazon.com/images/I/812gFTwZt7L._AC_SY450_.jpg","COTTON CRAFT",66.99,334,"22,374.66","79,963","US",26.08,4,4.3,526,8,7,"Orient Originals","Home & Kitchen","Small Oversize","FBA","18.5x6.4x18.8",13.35,"3/11/2015"
"KSWIN Industrial End Table Side Table with 2-Tier Storage Shelf, 18'' Square Nightstand Bedside Table X-Design Metal Frame for Living Room Bedroom, Rustic Brown","B08S49Y41X","https://www.amazon.com/dp/B08S49Y41X?psc=1","https://m.media-amazon.com/images/I/716RF85B2aL._AC_SY450_.jpg","KSWIN",64.98,277,"17,999.46","114,564","CN",27.04,1,4.7,394,7,6,"KSWIN","Home & Kitchen","Small Oversize","FBA","20.3x3.8x22.4",18.54,"1/5/2021"
"Treocho Black Nightstand X-Design, Modern Bedside Table with Drawer Storage Shelf, End Side Table for Bedroom","B09CDL3SBH","https://www.amazon.com/dp/B09CDL3SBH?psc=1","https://m.media-amazon.com/images/I/511aLtbVqxL._AC_SX569_.jpg","Treocho",59.99,267,"16,017.33","141,856","CN",28.81,3,4.3,84,6,2,"Treocho","Home & Kitchen","Small Oversize","FBA","18.0x7.0x27.3",21.90,"8/11/2021"
"Amazon Basics Round Storage End Table, Side Table with Cloth Basket - Charcoal/Heather Gray, 19 x 18 x 18 Inches","B07TTTG49V","https://www.amazon.com/dp/B07TTTG49V?psc=1","https://m.media-amazon.com/images/I/81Z9Xn8xiqL._AC_SX679_.jpg","Amazon Basics",41.61,"n/a","n/a","1,681","AMZ",18.91,4,4.5,"8,520",6,0,"Amazon","Our Brands","Small Oversize","FBA","18.6x2.6x20.5",6.00,"n/a"
"End Table with Charging Station, Narrow Side Table with USB Ports and Outlets, Flip Top Nightstand / Bedside Table / Sofa Couch Table for Small Spaces / Slim End Table for Living Room Bedroom Office","B09XF1BD3V","https://www.amazon.com/dp/B09XF1BD3V?psc=1","https://m.media-amazon.com/images/I/813ERoU0RUL._AC_SY355_.jpg","TILLMAO",59.99,921,"55,250.79","29,529","CN",21.80,3,4.7,517,7,42,"Weili-TECH","Home & Kitchen","Large Standard-Size","FBA","13.9x6.1x17.2",17.39,"8/31/2022"
"Convenience Concepts American Heritage Flip Top End Table with Shelf, Walnut","B074T4VYJ7","https://www.amazon.com/dp/B074T4VYJ7?psc=1","https://m.media-amazon.com/images/I/61RNhgYH1lL._AC_SX679_.jpg","Convenience Concepts",44.09,200,"8,818.00","56,920","AMZ",23.90,12,4.5,"2,636",5,9,"Amazon","Home & Kitchen","Small Oversize","AMZ","14.3x6.6x27.3",17.05,"8/14/2017"
"Walker Edison Sedalia Modern Farmhouse Metal X Side Table, 18 Inch, Grey Wash","B07G5FHFDF","https://www.amazon.com/dp/B07G5FHFDF?psc=1","https://m.media-amazon.com/images/I/81A1XzATAkL._AC_SX569_.jpg","Walker Edison",35.89,"1,153","41,381.17","26,659","AMZ",28.70,3,4.6,"8,117",13,32,"Amazon","Home & Kitchen","Small Oversize","AMZ","24.0x7.0x25.6",31.00,"n/a"
"WLIVE End Table with Charging Station, Side Table with USB Ports and Outlets, Narrow Side Table for Small Spaces, Living Room, Couch, Nightstand with Storage, Espresso","B0BJ6Z9S6M","https://www.amazon.com/dp/B0BJ6Z9S6M?psc=1","https://m.media-amazon.com/images/I/71jU1MfTYnL._AC_SX569_.jpg","WLIVE",89.99,124,"11,158.76","142,525","CN",34.15,1,4.4,37,7,5,"WLIVE","Home & Kitchen","Small Oversize","FBA","25.0x5.5x27.0",26.91,"10/14/2022"
"Signature Design by Ashley Valebeck Farmhouse Rectangular End Table with Storage, Distressed Brown & Black Finish","B07N12BCPT","https://www.amazon.com/dp/B07N12BCPT?psc=1","https://m.media-amazon.com/images/I/81twjQsKNqL._AC_SX466_.jpg","Signature Design by Ashley",190.53,289,"55,063.17","111,928","AMZ",64.08,4,4.8,972,10,11,"Amazon","Home & Kitchen","Small Oversize","FBA","28.0x10.0x29.5",55.46,"n/a"
"FURINNO Oval End Table, One, Walnut","B01FX5CM8O","https://www.amazon.com/dp/B01FX5CM8O?psc=1","https://m.media-amazon.com/images/I/61zo5IM6j9L._AC_SX466_.jpg","Furinno",15.46,238,"3,679.48","135,476","AMZ",16.25,6,4.2,"1,869",6,9,"Amazon","Home & Kitchen","Small Oversize","AMZ","17.8x2.5x24.3",10.60,"5/19/2016"
"GIOPACO Small End Table with Charging Station and USB Ports, Small Side Table Nightstand with 2-Layer Storage Shelves for Small Spaces, Living Room, Bedroom, Rustic Brown (1)","B0BVYQ3H54","https://www.amazon.com/dp/B0BVYQ3H54?psc=1","https://m.media-amazon.com/images/I/61oIAfrPHUL._AC_SY450_.jpg","GIOPACO",34.99,495,"17,320.05","50,305","CN",14.34,1,4.5,29,9,13,"GIOPACO OFFICIAL","Home & Kitchen","Large Standard-Size","FBA","13.6x3.6x17.0",8.77,"2/16/2023"
"AZL1 Life Concept Utility Sofa End Living Room, Vintage Accent Couch Side Pocket, C Shaped Table for Coffee Snack Laptop","B08PM864CR","https://www.amazon.com/dp/B08PM864CR?psc=1","https://m.media-amazon.com/images/I/41lISV7xDwL._AC_SY450_.jpg","AZL1 Life Concept",23.99,"n/a","n/a","40,886","AMZ",20.47,1,4.4,"1,387",9,8,"Amazon","Home & Kitchen","Small Oversize","AMZ","27.5x3.3x27.6",13.55,"n/a"
"COZAYH Rustic Farmhouse end Table with Storage Shelf, French Country Accent Side Table for Family, Dinning or Living Room, Small Spaces, Modern, Round, Vintage Grey Finish.","B09BD7FDSQ","https://www.amazon.com/dp/B09BD7FDSQ?psc=1","https://m.media-amazon.com/images/I/91qWn9YkRlL._AC_SX569_.jpg","COZAYH",69.99,175,"12,248.25","77,009","US",26.95,1,4.4,409,9,10,"Cozayh","Home & Kitchen","Small Oversize","MFN","3.3x26.8x26.5",15.73,"7/28/2021"
"HOOBRO Tall End Table with Charging Station, Industrial Telephone Table with Metal Storage Basket, Side Table, Nightstand for Living Room, Bedroom, Office, Rustic Brown and Black BF06UDH01","B0BTBWLSS5","https://www.amazon.com/dp/B0BTBWLSS5?psc=1","https://m.media-amazon.com/images/I/712xwua2ZhL._AC_SY450_.jpg","HOOBRO",39.99,"n/a","n/a","212,725","CN",15.89,1,"n/a",0,9,0,"Hoobro","Home & Kitchen","Large Standard-Size","FBA","12.9x6.7x17.7",11.09,"1/29/2023"
"VASAGLE Side Table with Charging Station, End Table with USB Ports and Outlets, Nightstand for Living Room, Bedroom, Plug-in Series, Rustic Brown and Black ULET371B01","B09VXGLJMB","https://www.amazon.com/dp/B09VXGLJMB?psc=1","https://m.media-amazon.com/images/I/71j5v0u9zdL._AC_SY450_.jpg","VASAGLE",34.99,"1,270","44,437.30","37,473","US",9.41,6,4.4,874,9,81,"Songmics Direct","Home & Kitchen","Large Standard-Size","FBA","13.0x4.4x17.4",9.70,"3/18/2022"
"AWASEN Side Table Round, Small Side Table Modern End Accent Table for Living Room Bedroom Office Small Spaces, 16''D x 19.5''H (Rustic Brown)","B0BXSL9HJV","https://www.amazon.com/dp/B0BXSL9HJV?psc=1","https://m.media-amazon.com/images/I/51JNa7Ogj7L._AC_SX466_.jpg","AWASEN",38.99,"1,266","49,361.34","21,397","CN",18.10,1,4.6,907,6,892,"Awasen Direct","Home & Kitchen","Small Oversize","FBA","17.5x3.0x17.6",5.50,"3/8/2023"
"Aheaplus End Table, Sofa Table Narrow Flip Top with USB Ports &Outlets for Small Spaces, Side Table with Storage Shelves, Nightstand with Metal Frame for Living Room, Black Oak","B09GBBMTCP","https://www.amazon.com/dp/B09GBBMTCP?psc=1","https://m.media-amazon.com/images/I/81rMn3BbtVL._AC_SY355_.jpg","Aheaplus",75.89,"1,006","76,345.34","22,961","CN",31.63,19,4.5,"1,492",8,56,"Aheaplus","Home & Kitchen","Small Oversize","FBA","14.3x5.6x26.8",20.69,"6/29/2021"
"AMHANCIBLE LED Nightstand with Fast Charging Station, End Tables Living Room with USB C Charger 3-Port & 2-Power Outlet, Bedside Table with Fabric Drawers for Bedroom HET052LBK1","B0B92PBX4V","https://www.amazon.com/dp/B0B92PBX4V?psc=1","https://m.media-amazon.com/images/I/61sst74bS7L._AC_SX425_.jpg","AMHANCIBLE",84.99,"1,033","87,794.67","24,487","CN",29.20,1,4.3,197,8,39,"Amhancible","Home & Kitchen","Small Oversize","FBA","15.9x5.3x25.6",16.85,"9/27/2022"
"SOOWERY Nightstand with Charging Station, Bedside Tables with 3 Tiers Storage Space and Door, End Tables with USB Ports and Outlets for Bedroom, Living Room, Brown","B09ZXX1MV7","https://www.amazon.com/dp/B09ZXX1MV7?psc=1","https://m.media-amazon.com/images/I/71EUTcqdfNL._AC_SY355_.jpg","SOOWERY",79.99,551,"44,074.49","45,706","CN",23.97,1,4.7,451,7,46,"SOOWERY Direct","Home & Kitchen","Large Standard-Size","FBA","13.4x6.3x17.4",18.01,"5/10/2022"
"FURINNO Modern Simplistic Criss-Crossed End Table, French Oak Grey","B084PLDN58","https://www.amazon.com/dp/B084PLDN58?psc=1","https://m.media-amazon.com/images/I/61ll7bAOKQL._AC_SX679_.jpg","Furinno",17.56,122,"2,142.32","142,972","AMZ",17.13,9,4.1,"3,379",8,"2,272","Amazon","Home & Kitchen","Small Oversize","AMZ","17.9x2.0x26.1",10.00,"2/11/2020"
"Rerii End Table, Side Table 3 Tier, Simple Bedside Nightstand, 2 Shelf Small Bookshelf Bookcase, Display Rack for Bathroom, Bedroom and Living Room, White","B07D321981","https://www.amazon.com/dp/B07D321981?psc=1","https://m.media-amazon.com/images/I/61YbTDp082L._AC_SY355_.jpg","Rerii",28.99,"1,187","34,411.13","22,892","CN",12.80,8,4.1,"4,122",8,45,"Rerii","Home & Kitchen","Large Standard-Size","FBA","10.1x5.0x16.5",6.65,"5/15/2018"
"HAYOFAMY Small Side Table Night Stand, 3 Tier Narrow End Table with Display Shelf, Small Bookcase Bookshelf, Simple Bedside Table Storage Rack for Bedroom, Living Room, Office, Bathroom,White","B0BXH4KSGR","https://www.amazon.com/dp/B0BXH4KSGR?psc=1","https://m.media-amazon.com/images/I/61OEDdiqpZL._AC_SY450_.jpg","HAYOFAMY",27.88,189,"5,269.32","93,406","CN",12.47,1,3.7,8,7,4,"HAYOFAMY","Home & Kitchen","Large Standard-Size","FBA","10.2x3.7x16.8",6.39,"3/4/2023"
"VECELO Modern End Side Tables,Round Metal Foldable Tray,Stable Snack Nightstand for Outdoors,Small Space,Living Room and Balcony, 18.5 in x 18.5 in x 19.7 in, Black","B08CXKT48H","https://www.amazon.com/dp/B08CXKT48H?psc=1","https://m.media-amazon.com/images/I/61FDy2Zv-0L._AC_SX679_.jpg","VECELO",30.76,293,"9,012.68","84,801","n/a",16.44,2,4.5,318,10,11,"    Secure transaction     ","Home & Kitchen","Small Oversize","MFN","19.8x2.0x21.0",4.70,"7/14/2020"
"Household Essentials Black Oak Round End Table 2 Tier","B09RTPDWCJ","https://www.amazon.com/dp/B09RTPDWCJ?psc=1","https://m.media-amazon.com/images/I/71SjXyZStLL._AC_SY355_.jpg","Household Essentials",53.54,"1,634","87,484.36","9,558","AMZ",23.64,4,4.5,"11,944",8,"10,469","Amazon","Home & Kitchen","Small Oversize","FBA","22.9x2.3x25.1",14.45,"n/a"
"Ball & Cast Side End Table, 15.25"" Dia, Black","B0894N5VLG","https://www.amazon.com/dp/B0894N5VLG?psc=1","https://m.media-amazon.com/images/I/71JNlbs9cHL._AC_SX569_.jpg","Ball & Cast",25.59,173,"4,427.07","142,916","AMZ",16.93,5,4.4,617,7,3,"Amazon","Home & Kitchen","Small Oversize","AMZ","17.1x3.9x17.4",7.70,"10/27/2020"
"HOOBRO Side Tables, Set of 2 Narrow Nightstands, Industrial End Table with Flat or Slant Adjustable Mesh Shelf for Small Spaces, Stable Metal Frame and Easy Assembly, Rustic Brown and Black BF24BZ01","B07ZCTLNMZ","https://www.amazon.com/dp/B07ZCTLNMZ?psc=1","https://m.media-amazon.com/images/I/71YJJeFcPmL._AC_SX466_.jpg","HOOBRO",49.99,217,"10,847.83","149,066","CN",24.79,5,4.8,"1,785",9,15,"Hoobro","Home & Kitchen","Small Oversize","FBA","14.5x5.3x26.1",18.35,"n/a"
"FANTERSI Small Round Side Table, 2-Tier Mid Century Modern Side Table, Wood Side Table, Round End Table for Living Room, Metal Frames, Brown","B0BWYTNKMR","https://www.amazon.com/dp/B0BWYTNKMR?psc=1","https://m.media-amazon.com/images/I/71F+T53Ph5L._AC_SX466_.jpg","FANTERSI",79.99,"n/a","n/a","144,737","CN",27.61,1,"n/a",0,9,0,"FANTERSI","Home & Kitchen","Small Oversize","FBA","17.9x6.0x19.1",9.68,"3/4/2023"
"YITAHOME X-Design Side End Table Set of 2, Industrial End Table for Small Spaces, Farmhouse Nightstand Sofa Bed Table with Storage Shelf for Bedroom Living Room, Easy Assembly, Black","B09HPVFNRL","https://www.amazon.com/dp/B09HPVFNRL?psc=1","https://m.media-amazon.com/images/I/71KnoxIz9wL._AC_SX522_.jpg","YITAHOME",60.65,72,"4,366.80","377,357","AMZ",30.17,4,4.5,102,7,3,"Amazon","Home & Kitchen","Small Oversize","FBA","14.0x8.2x24.5",27.90,"10/3/2021"