"Product Details","ASIN","URL","Image URL","Brand","Price $","Sales","Revenue","BSR","Seller Country/Region","Fees $","Active Sellers #","Ratings","Review Count","Images","Review velocity","Buy Box","Category","Size Tier","Fulfillment","Dimensions","Weight","Creation Date"
"($) Lifetime Home Lift Top Coffee Table with Hidden Compartment and Storage Shelf - Living Room Dining Table with Rising Tabletop Lifttop Desk for Apartment, Home, Condo - Rustic Brown","B0C4RML34X","https://www.amazon.com/dp/B0C4RML34X?psc=1","https://m.media-amazon.com/images/I/71mEGx2BjaL._AC_SY450_.jpg","Lifetime Home",63.95,"n/a","n/a","160,777","US",47.46,2,"n/a",0,8,0,"Lifetime Appliance Parts","Home & Kitchen","Small Oversize","MFN","25.0x25.0x15.0",48.00,"5/9/2023"
"Furinno Modern Simplistic Criss-Crossed Coffee Table, 35.4 in x 19.6 in x 16 in, French Oak Grey","B08XX3V5DD","https://www.amazon.com/dp/B08XX3V5DD?psc=1","https://m.media-amazon.com/images/I/51mzdHOFD8L._AC_SY450_.jpg","Furinno",26.32,"1,312","34,531.84","9,235","AMZ",22.08,10,3.4,"2,364",6,54,"Amazon","Home & Kitchen","Small Oversize","FBA","22.1x2.0x37.9",20.55,"3/3/2021"
"Yaheetech Lift Top Coffee Table with Hidden Compartment and Storage Shelf, Rising Tabletop Dining Table for Living Room Reception Room, 38.6in L, Rustic Brown","B07ZFNN72Z","https://www.amazon.com/dp/B07ZFNN72Z?psc=1","https://m.media-amazon.com/images/I/61HsodbliBL._AC_SX679_.jpg","Yaheetech",69.99,"5,509","385,574.91","6,606","US",39.54,2,4.5,"13,806",9,211,"Yaheetech","Home & Kitchen","Small Oversize","MFN","22.8x3.9x44.1",46.53,"10/22/2019"
"Furinno Simple Design Coffee Table, Espresso","B003VOZE6M","https://www.amazon.com/dp/B003VOZE6M?psc=1","https://m.media-amazon.com/images/I/51FwiT03ZOL._AC_SX466_.jpg","Furinno",29.44,"2,069","60,911.36","11,315","AMZ",17.71,9,4.1,"14,425",7,190,"Amazon","Home & Kitchen","Small Oversize","AMZ","24.0x2.8x38.5",19.35,"8/19/2011"
"Furinno JAYA Simple Design Oval Coffee Table, Walnut","B01FX5CMKC","https://www.amazon.com/dp/B01FX5CMKC?psc=1","https://m.media-amazon.com/images/I/61MqCAi-l7L._AC_SX569_.jpg","Furinno",33.80,"n/a","n/a","75,786","AMZ",25.72,14,3.7,"2,884",6,"1,107","Amazon","Home & Kitchen","Small Oversize","AMZ","21.7x2.9x38.2",26.24,"5/19/2016"
"SAYGOER Coffee Table Small Square Modern Coffee Tables for Small Spaces Simple Farmhouse Low Center Table for Living Room Home Office, Rustic Wooden Top with Metal Frames, Easy Assembly, Grey Wooden","B09HBQFVFJ","https://www.amazon.com/dp/B09HBQFVFJ?psc=1","https://m.media-amazon.com/images/I/91YAxBJFkXL._AC_SX569_.jpg","SAYGOER",79.95,347,"27,742.65","91,081","CN",30.12,1,4.6,636,7,9,"SAYGOER DIRECT","Home & Kitchen","Small Oversize","FBA","28.0x3.0x31.0",20.55,"9/28/2021"
"FDW Lift Top Coffee Table with Hidden Compartment and Storage Shelf Wooden Lift Tabletop for Home Living Room Reception Room Office (Brown)","B08W8NJGNX","https://www.amazon.com/dp/B08W8NJGNX?psc=1","https://m.media-amazon.com/images/I/71QOZKHT7WL._AC_SY355_.jpg","FDW",40.99,"2,303","94,399.97","15,424","US",39.82,1,4.2,"1,522",7,106,"Cavalier Store","Home & Kitchen","Small Oversize","MFN","24.0x43.0x5.0",58.00,"2/9/2021"
"Ameriwood Home Parsons Modern Coffee Table, Black","B005QLJL3K","https://www.amazon.com/dp/B005QLJL3K?psc=1","https://m.media-amazon.com/images/I/81UdbeScHLL._AC_SX425_.jpg","DHP",42.84,775,"33,201.00","30,022","AMZ",22.04,1,4.3,"5,209",8,23,"Amazon","Home & Kitchen","Small Oversize","AMZ","19.8x2.0x47.0",14.94,"9/28/2011"
"ChooChoo Mission Coffee Table, Black Wood Living Room Table with Shelf, 40 Black","B07T24P7MP","https://www.amazon.com/dp/B07T24P7MP?psc=1","https://m.media-amazon.com/images/I/71eymqAE8sL._AC_SX466_.jpg","ChooChoo",109.99,737,"81,062.63","37,566","CN",28.68,1,4.4,"1,140",6,32,"ChooChoo Furniture","Home & Kitchen","Small Oversize","FBA","25.1x5.0x44.0",41.76,"6/12/2019"
"ChooChoo Oxford Coffee Table with Thicker Legs, Black Wood Coffee Table with Storage for Living Room","B07T238M73","https://www.amazon.com/dp/B07T238M73?psc=1","https://m.media-amazon.com/images/I/71rIs5b2PfS._AC_SX466_.jpg","ChooChoo",109.99,537,"59,064.63","54,432","CN",43.45,7,4.4,"1,094",7,30,"ChooChoo Furniture","Home & Kitchen","Small Oversize","FBA","24.0x5.0x43.5",42.51,"6/12/2019"
"NOBLEWELL Coffee Table Lift Top with Storage Compartment and Separated Open Shelves, Pop Up Coffee Table for Living Room, 39.4in L, Vintage Brown","B0922FNFBK","https://www.amazon.com/dp/B0922FNFBK?psc=1","https://m.media-amazon.com/images/I/715ZWgqT1hL._AC_SX569_.jpg","NOBLEWELL",109.99,359,"39,486.41","33,147","CN",46.39,12,4.3,"1,041",8,28,"NOBLEWELL Direct","Home & Kitchen","Small Oversize","FBA","23.1x5.0x42.1",48.11,"7/1/2021"
"WLIVE Lift Top Coffee Table with Storage for Living Room,Small Hidden Compartment and Adjustable Shelf,Mid Century, Modern ,Wood,Grey","B09X17XQXL","https://www.amazon.com/dp/B09X17XQXL?psc=1","https://m.media-amazon.com/images/I/71sNZGBBMML._AC_SX425_.jpg","WLIVE",99.99,"4,833","483,251.67","5,249","CN",39.43,3,4.3,"5,087",7,145,"WLIVE","Home & Kitchen","Small Oversize","FBA","21.7x4.3x43.1",47.11,"6/17/2021"
"Living Room Rectangle Coffee Table, Tea Table Suitable for Waiting Room, Modern Side Coffee Table with Wooden Leg, Glass Tabletop with Lower Shelf, White","B09JZ2QJSJ","https://www.amazon.com/dp/B09JZ2QJSJ?psc=1","https://m.media-amazon.com/images/I/71ielDQgBaL._AC_SY355_.jpg","Btrpily",112.99,269,"30,394.31","91,050","CN",44.74,1,4.7,132,6,5,"YOUCHOOSE DIRECT","Home & Kitchen","Small Oversize","FBA","23.5x6.3x41.5",39.31,"10/21/2021"
"aboxoo Coffee Table Nesting White Set of 2 Side Set Golden Frame Circular and Marble Pattern Wooden Tables, Living Room Bedroom Apartment Modern Industrial Simple Nightstand","B09G2ZQFHP","https://www.amazon.com/dp/B09G2ZQFHP?psc=1","https://m.media-amazon.com/images/I/71k8NdCLtlL._AC_SY450_.jpg","aboxoo",74.99,"1,058","79,339.42","36,313","CN",27.70,4,4.3,"1,150",9,56,"callalily","Home & Kitchen","Small Oversize","FBA","25.8x3.5x25.8",15.20,"9/13/2021"
"AWQM GJ08 Marble Coffee Table, 39.3 in, White and Black","B0932TS5H5","https://www.amazon.com/dp/B0932TS5H5?psc=1","https://m.media-amazon.com/images/I/81TlzOCs+9L._AC_SX569_.jpg","AWQM",84.00,484,"40,656.00","79,475","AMZ",33.25,7,4.3,525,7,24,"Amazon","Home & Kitchen","Small Oversize","FBA","23.3x2.8x42.3",26.40,"4/21/2021"
"Best Choice Products Wooden Mid-Century Modern Coffee Table, Accent Furniture for Living Room, Indoor, Home Décor w/Open Storage Shelf, Wood Grain Finish - White/Brown","B08LHN8CL1","https://www.amazon.com/dp/B08LHN8CL1?psc=1","https://m.media-amazon.com/images/I/71OSGBbTjvL._AC_SX569_.jpg","Best Choice Products",69.99,912,"63,830.88","47,564","US",33.25,1,4.4,"3,092",7,32,"BestChoiceproducts","Home & Kitchen","Small Oversize","MFN","22.4x46.4x3.5",31.70,"8/19/2020"
"($) WLIVE Wood Lift Top Coffee Table with Hidden Compartment and Adjustable Storage Shelf, Lift Tabletop Dining Table for Home Living Room, Office, Rustic Oak","B084ZH1LYN","https://www.amazon.com/dp/B084ZH1LYN?psc=1","https://m.media-amazon.com/images/I/81xhCy8yQ6L._AC_SX466_.jpg","WLIVE",99.99,"4,833","483,251.67","5,249","CN",43.63,5,4.3,"5,087",9,146,"WLIVE","Home & Kitchen","Small Oversize","FBA","21.8x4.5x42.5",45.11,"5/29/2020"
"($) HOMREST 39.4 Inch Wooden Lift Top Coffee Table with Storage Shelf and Hidden Compartment, Rising Coffee Tabletop Computer Table for Reception Room and Living Room, Brown","B0BLHCX4H8","https://www.amazon.com/dp/B0BLHCX4H8?psc=1","https://m.media-amazon.com/images/I/919fgkEF-pL._AC_SY355_.jpg","HOMREST",84.99,56,"4,759.44","683,058","CN","n/a",1,5.0,5,8,0,"HOMREST","Home & Kitchen","n/a","MFN","n/a","n/a","11/3/2022"
"($) WLIVE Lift Top Coffee Table for Living Room,Coffee Table with Storage,Hidden Compartment and Metal Frame, Central Table for Reception Room,Espresso","B0BBQ2XMCH","https://www.amazon.com/dp/B0BBQ2XMCH?psc=1","https://m.media-amazon.com/images/I/711JULsbk6L._AC_SY355_.jpg","WLIVE",109.99,276,"30,357.24","92,861","CN",43.87,1,3.8,122,8,19,"WLIVE","Home & Kitchen","Small Oversize","FBA","21.7x5.0x42.5",42.61,"8/24/2022"
"($) KSWIN Industrial End Table Side Table with 2-Tier Storage Shelf, 18'' Square Nightstand Bedside Table X-Design Metal Frame for Living Room Bedroom, Rustic Brown","B08S49Y41X","https://www.amazon.com/dp/B08S49Y41X?psc=1","https://m.media-amazon.com/images/I/716RF85B2aL._AC_SY450_.jpg","KSWIN",64.98,277,"17,999.46","114,564","CN",27.04,1,4.7,394,7,6,"KSWIN","Home & Kitchen","Small Oversize","FBA","20.3x3.8x22.4",18.54,"1/5/2021"
"Sweetcrispy Coffee Table, Lift Top Coffee Tables for Living Room,Rising Tabletop Wood Dining Center Tables with Storage Shelf and Hidden Compartment","B0C5X64YMX","https://www.amazon.com/dp/B0C5X64YMX?psc=1","https://m.media-amazon.com/images/I/71tc5bm9a3L._AC_SY450_.jpg","Sweetcrispy",69.99,245,"17,147.55","16,368","AMZ",34.51,2,4.5,73,9,0,"Amazon","Home & Kitchen","Small Oversize","AMZ","18.0x40.0x4.0",35.00,"5/22/2023"
"IKIFLY Modern High Glossy Black Coffee Table with 16 Colors LED Lights, Contemporary Rectangle Design Living Room Furniture, 2 Tiers","B0B1QF3QXT","https://www.amazon.com/dp/B0B1QF3QXT?psc=1","https://m.media-amazon.com/images/I/819BoGI9lBL._AC_SX466_.jpg","IKIFLY",199.99,374,"74,796.26","71,693","CN","n/a",1,4.0,311,9,23,"Lithome store","Home & Kitchen","n/a","MFN","n/a","n/a","5/19/2022"
"High Gloss Lift Top Table with Led Lights, Led Coffee Table with Storage Shelf and Hidden Compartment for Home Living Room Reception Room Office, White","B0BHZBB93P","https://www.amazon.com/dp/B0BHZBB93P?psc=1","https://m.media-amazon.com/images/I/81Ni72cxwkL._AC_SX466_.jpg","St.Mandyu",119.99,113,"13,558.87","176,839","CN","n/a",1,3.1,26,8,6,"Anqinmh","Home & Kitchen","n/a","MFN","n/a","n/a","10/12/2022"
"Ameriwood Home Carver Coffee Table, Gray","B01N0D7VC8","https://www.amazon.com/dp/B01N0D7VC8?psc=1","https://m.media-amazon.com/images/I/71lXEubxAbL._AC_SX466_.jpg","Ameriwood Home",87.66,"n/a","n/a","3,332","AMZ",50.18,4,4.5,"3,310",15,0,"Amazon","Our Brands","Small Oversize","AMZ","14.0x8.5x40.3",65.76,"11/14/2016"
"($) Xmatch Tempered Glass Coffee Table for Living Room Furniture with 2 Tiers Size 39.4in x 23.7in (WXD) Black","B08BRYRVKB","https://www.amazon.com/dp/B08BRYRVKB?psc=1","https://m.media-amazon.com/images/I/61r-OgA5k9L._AC_SY355_.jpg","Xmatch",85.59,24,"2,054.16","658,595","CN",41.78,1,4.6,181,8,0,"Xmatch USA","Home & Kitchen","Small Oversize","MFN","26.0x41.0x5.0",47.20,"6/24/2020"
"($) IBF Natural Wood Coffee Table, Rustic Solid Wood Center Table for Living Room, Rectangle Metal and Real Wood Tea Table, Modern Industrial Minimalist Wooden Cocktail Table, Rustic Brown, 47 Inch","B08XYQPB6N","https://www.amazon.com/dp/B08XYQPB6N?psc=1","https://m.media-amazon.com/images/I/81j3Q-Bnr5L._AC_SY450_.jpg","IBF",159.98,97,"15,518.06","268,978","US",57.25,1,4.1,21,8,1,"IBF Furniture","Home & Kitchen","Small Oversize","FBA","26.5x4.0x51.5",27.21,"3/4/2021"
"($) COZAYH 2-Piece Modern Farmhouse Living Room Coffee Table Set, Nesting Table Round Natural Finish with Handcrafted Wood Radial Pattern","B09ZQK3WXS","https://www.amazon.com/dp/B09ZQK3WXS?psc=1","https://m.media-amazon.com/images/I/81+szv7yDIL._AC_SY355_.jpg","COZAYH",209.99,533,"111,924.67","69,337","US","n/a",1,4.5,598,8,28,"Cozayh","Home & Kitchen","n/a","MFN","n/a","n/a","5/7/2022"
"($) WLIVE Lift Top Coffee Table for Living Room,Coffee Table with Storage,Hidden Compartment and Metal Frame, Central Table with 4 Casters for Reception Room,Rustic Brown.","B0BJ6WJVG2","https://www.amazon.com/dp/B0BJ6WJVG2?psc=1","https://m.media-amazon.com/images/I/81lnK7rT8UL._AC_SX466_.jpg","WLIVE",99.99,163,"16,298.37","114,787","CN",41.95,1,4.1,42,9,5,"WLIVE","Home & Kitchen","Small Oversize","FBA","22.5x4.0x45.0",44.01,"10/14/2022"
"ChooChoo Farmhouse Coffee Table, Rustic Vintage Living Room Table with Shelf, 40 White","B08SHCR143","https://www.amazon.com/dp/B08SHCR143?psc=1","https://m.media-amazon.com/images/I/8189SDyX4jS._AC_SY450_.jpg","ChooChoo",159.99,656,"104,953.44","41,445","CN",53.47,2,4.6,848,8,25,"ChooChoo Furniture","Home & Kitchen","Small Oversize","FBA","25.3x6.0x44.0",40.56,"1/8/2021"
"Depointer Life Glass Coffee Table, Rectangle Modern Side Coffee Table with Lower Shelf, Perfect for Living Room Conversation Leisure Occasions, Metal Leg, Black","B08CH9GN83","https://www.amazon.com/dp/B08CH9GN83?psc=1","https://m.media-amazon.com/images/I/81e9qp45SHL._AC_SX425_.jpg","Depointer Life",79.59,193,"15,360.87","225,643","CN",42.25,2,4.7,"1,392",7,3,"Depointer Direct","Home & Kitchen","Small Oversize","MFN","25.0x5.9x41.5",49.46,"7/7/2020"
"SUPER DEAL 2-Tier Industrial Coffee Table with Storage Shelf for Small Apartment Living Room, Rectangle Wood and Stable Metal TV Stand Side End Table, Rustic Brown","B08N4TDMF4","https://www.amazon.com/dp/B08N4TDMF4?psc=1","https://m.media-amazon.com/images/I/71CuUQLcDhL._AC_SX569_.jpg","SUPER DEAL",48.99,"1,176","57,612.24","30,687","CN",58.47,1,4.6,922,7,47,"SuperDealUsa","Home & Kitchen","Medium Oversize","MFN","16.5x20.0x31.5",25.00,"11/9/2020"
"HOOBRO End Table with Charging Station and USB Ports, 3-Tier Nightstand with Adjustable Shelf, Narrow Side Table for Small Space in Living Room, Bedroom and Balcony, Rustic Brown BF112BZ01","B09X395CNV","https://www.amazon.com/dp/B09X395CNV?psc=1","https://m.media-amazon.com/images/I/71BlC+UiJ8L._AC_SY355_.jpg","HOOBRO",39.99,"2,157","86,258.43","9,518","CN",15.41,4,4.4,365,9,62,"Hoobro","Home & Kitchen","Large Standard-Size","FBA","12.3x4.1x17.1",9.66,"4/2/2022"
"($) JOMEED 3 in 1 Lift Top Coffee Table, Large Coffee Table with Storage for Living Room, Marble Pattern Modern Lift Tabletop Dining Table with Hidden Storage Compartment and Open Storage Shelf","B0BMQJ3W86","https://www.amazon.com/dp/B0BMQJ3W86?psc=1","https://m.media-amazon.com/images/I/81eDagiu59L._AC_SX679_.jpg","JOMEED",194.99,30,"5,849.70","659,875","CN","n/a",1,4.2,14,9,1,"JOMEED","Home & Kitchen","n/a","MFN","n/a","n/a","11/17/2022"
"($) Wood Coffee Table for Living Room Sliding Top with Hidden Storage,Rectangle Modern Cocktail Table, Pull Out Center Table, Extendable Contemporary, for Home Office Reception Room White Natural Wood","B0BWN6S71L","https://www.amazon.com/dp/B0BWN6S71L?psc=1","https://m.media-amazon.com/images/I/91V+4tkC-vL._AC_SY450_.jpg","HedoAjim",157.92,12,"1,895.04","1,114,809","CN",62.40,1,3.7,3,9,0,"LivStorm","Home & Kitchen","Small Oversize","MFN","27.0x44.0x5.9",69.68,"2/23/2023"
"($) Coffee Table for Living Room, 47''Modern Faux Marble Top Coffee Table with Metal Frame, 2-Tier Living Room Table with Storage Shelf, Rectangular Center Table for Living Room, Office, Black","B0BP21H5VF","https://www.amazon.com/dp/B0BP21H5VF?psc=1","https://m.media-amazon.com/images/I/918JgB6r0AL._AC_SX425_.jpg","gatherstar",129.99,21,"2,729.79","572,342","CN","n/a",2,5.0,2,6,0,"Nice Furniture for You","Home & Kitchen","n/a","MFN","n/a","n/a","12/5/2022"
"Rectangle Modern Coffee Table, Tempered Glass Top and Metal Tubular Leg, 47.3”Lx23.6”Wx18.1”H, Silver","B0BLV6PK3D","https://www.amazon.com/dp/B0BLV6PK3D?psc=1","https://m.media-amazon.com/images/I/91ADrZpvMNL._AC_SX522_.jpg","Edwin's Choice",158.85,512,"81,331.20","56,713","CN",54.56,1,4.4,46,6,9,"Edwin's Choice","Home & Kitchen","Small Oversize","FBA","26.0x3.5x50.0",50.61,"11/9/2022"
"Best Choice Products 2-Tier 35.5in Round Industrial Coffee Table, Rustic Steel Accent Table for Living Room, w/Wooden Tabletop, Reinforced Crossbars, Padded Feet, Open Shelf, Raised Bottom - Gray","B0B5FL6Y2N","https://www.amazon.com/dp/B0B5FL6Y2N?psc=1","https://m.media-amazon.com/images/I/81pJCYptKML._AC_SY450_.jpg","Best Choice Products",99.99,420,"41,995.80","81,924","US",56.73,1,4.7,959,7,19,"BestChoiceproducts","Home & Kitchen","Medium Oversize","MFN","37.0x37.0x5.5",32.00,"10/8/2021"
"LIDYUK End Table with Charging Station, Flip Top Side Table with USB Ports and Outlets, Nightstand for Small Spaces, Bedside Tables with Storage Shelf for Living Room, Bedroom, Dark Cherry","B0C1ZB5XCV","https://www.amazon.com/dp/B0C1ZB5XCV?psc=1","https://m.media-amazon.com/images/I/71bPE4JebFL._AC_SX569_.jpg","LIDYUK",79.99,"3,050","243,969.50","14,315","CN",23.81,1,4.5,"1,899",7,0,"LIDYUK","Home & Kitchen","Large Standard-Size","FBA","13.4x6.2x17.4",17.44,"4/10/2023"
"HOMMPA LED Coffee Tables for Living Room Modern Coffee Table with 4 Drawers High Glossy Center Table with Storage White Coffee Table Cocktail Table with 16 Colors LED Lighting White","B0B28RSC4K","https://www.amazon.com/dp/B0B28RSC4K?psc=1","https://m.media-amazon.com/images/I/71NA3hqs4yL._AC_SY450_.jpg","HOMMPA",199.98,34,"6,799.32","299,209","CN","n/a",2,3.2,118,6,0,"Phycomn","Home & Kitchen","n/a","MFN","25.2x42.9x6.9","n/a","6/15/2022"
"Small Round Coffee Table Circle Modern White Coffee Tables for Living Room Center Table for Small Spaces 24 Inch Wood Accent Coffe Tables Mesa De Centro","B0BGMW8X6M","https://www.amazon.com/dp/B0BGMW8X6M?psc=1","https://m.media-amazon.com/images/I/61LzMnCmIoL._AC_SX466_.jpg","STELOD",49.42,322,"15,913.24","107,925","CN",16.98,1,4.0,173,5,11,"STELOD","Home & Kitchen","Large Standard-Size","FBA","13.2x4.6x17.8",10.25,"n/a"
"WLIVE Round Coffee Table, Living Room Table with 2-Tier Storage Shelf,32in Wood Modern Coffee Table with Metal Frame and Wood Desktop,Easy Assembly,Charcoal Black.","B0B8N5HHG4","https://www.amazon.com/dp/B0B8N5HHG4?psc=1","https://m.media-amazon.com/images/I/815tU43E3GL._AC_SY450_.jpg","WLIVE",69.99,332,"23,236.68","71,008","CN",32.83,1,4.4,102,8,8,"WLIVE","Home & Kitchen","Small Oversize","FBA","18.2x4.0x35.0",30.96,"8/4/2022"
"Lifetime Home Lift Top Coffee Table with Hidden Compartment and Storage Shelf - Living Room Dining Table with Rising Tabletop Lifttop Desk for Apartment, Home, Condo - Rustic Brown","B0C4RML34X","https://www.amazon.com/dp/B0C4RML34X?psc=1","https://m.media-amazon.com/images/I/71mEGx2BjaL._AC_SY450_.jpg","Lifetime Home",63.95,"n/a","n/a","160,777","US",47.46,2,"n/a",0,8,0,"Lifetime Appliance Parts","Home & Kitchen","Small Oversize","MFN","25.0x25.0x15.0",48.00,"5/9/2023"
"WOHOMO Coffee Table, 2 in 1 Unique Detachable Nesting Coffee Table Set of 2, Small Round and Rectangular Living Room Table Set, Industrial Modern Style Coffee Tables for Living Room, Rustic Brown","B0999LY3D4","https://www.amazon.com/dp/B0999LY3D4?psc=1","https://m.media-amazon.com/images/I/81rytBRS9GL._AC_SX679_.jpg","WOHOMO",105.99,370,"39,216.30","84,169","CN",40.75,3,4.5,743,7,39,"Wohomo","Home & Kitchen","Small Oversize","FBA","25.0x3.8x35.8",36.31,"7/13/2021"
"VASAGLE Small Coffee Table Set of 2, Round Coffee Table with Steel Frame, Side End Table for Living Room, Bedroom, Office, Rustic Brown and Black","B08JSXNVKR","https://www.amazon.com/dp/B08JSXNVKR?psc=1","https://m.media-amazon.com/images/I/715b4VhLIpL._AC_SX679_.jpg","VASAGLE",69.88,"1,034","72,255.92","33,731","n/a",31.78,14,4.6,"1,687",9,46,"n/a","Home & Kitchen","Small Oversize","FBA","21.7x5.2x22.9",17.82,"4/6/2021"
"Tajsoon Console Table, Industrial entryway Table, Narrow Sofa Table with Shelves,Entrance Table for Entryway, Hallway, Living Room, Foyer, Corridor, Office, Rustic Brown and Black","B0989DQJ9L","https://www.amazon.com/dp/B0989DQJ9L?psc=1","https://m.media-amazon.com/images/I/814rUarzH8L._AC_SY450_.jpg","Tajsoon",59.99,"2,608","156,453.92","14,121","CN",19.85,1,4.5,"1,195",7,77,"tajsoon","Home & Kitchen","Large Standard-Size","FBA","12.4x4.0x16.8",14.22,"6/30/2021"
"Yoobure C Shaped End Table Set of 2, Side Table for Couch and Bed, Small Side Table for Small Spaces, Living Room, Bedroom, Rustic Snack Table","B0BZHHFTL4","https://www.amazon.com/dp/B0BZHHFTL4?psc=1","https://m.media-amazon.com/images/I/61P3S0qnKFL._AC_SX466_.jpg","Yoobure",45.04,761,"34,275.44","26,076","HK",22.79,1,4.6,313,6,8,"Super A Plus","Home & Kitchen","Small Oversize","FBA","17.5x5.1x17.9",15.44,"5/20/2023"
"IANIYA Glass Coffee Table Black Metal Tube Clear Glass Coffee Table (All-Black)","B0BVDQ477G","https://www.amazon.com/dp/B0BVDQ477G?psc=1","https://m.media-amazon.com/images/I/71v8s179kbL._AC_SX569_.jpg","IANIYA",119.99,521,"62,514.79","50,769","CN",48.73,2,4.6,"1,931",9,22,"IANIYA FURNITURE","Home & Kitchen","Small Oversize","FBA","26.5x5.0x42.3",50.11,"6/17/2021"
"Yoobure C Shaped End Table with Charging Station, Small Side Tables for Living Room, Bedroom, Sofa Table with USB Ports and Outlets for Small Spaces, C Couch Table Rustic Snack Table Bed Side Table","B0BD587DGS","https://www.amazon.com/dp/B0BD587DGS?psc=1","https://m.media-amazon.com/images/I/71LZk45zymL._AC_SX466_.jpg","Yoobure",47.99,"2,602","124,869.98","10,477","CN",16.61,1,4.6,693,7,103,"Yoobure Direct","Home & Kitchen","Large Standard-Size","FBA","11.6x4.0x17.7",9.79,"11/21/2022"
"Yaheetech Console Table with Drawer, Narrow Entryway Table for Living Room with Storage Shelves, Industrial Wood Hallway Sofa Table with Metal Frame, Gray","B097RPHWFH","https://www.amazon.com/dp/B097RPHWFH?psc=1","https://m.media-amazon.com/images/I/81J-SLmfTLS._AC_SX569_.jpg","Yaheetech",88.99,"1,001","89,078.99","34,244","US",43.24,1,4.6,"2,541",9,70,"Yaheetech","Home & Kitchen","Small Oversize","MFN","15.0x6.7x44.1",48.29,"6/24/2021"
"Rectangle Glass Coffee Table-Black Modern Side Coffee Table with Lower Shelf Wooden Legs Suit for Living Room, Dining Room, Office Glass Coffee Table with Storage Shelf for Coffee Tea Books Magazine","B0B7MNG9RZ","https://www.amazon.com/dp/B0B7MNG9RZ?psc=1","https://m.media-amazon.com/images/I/712A1F7StRL._AC_SX466_.jpg","HUBSE",69.99,242,"16,937.58","120,050","US","n/a",1,4.1,256,7,9,"HUBESTSELLER","Home & Kitchen","n/a","MFN","n/a","n/a","7/26/2022"
"Bestier LED Coffee Tables for Living Room, 42 Inch Wood Center Table with Glass Top for Game Night. Living Room Tables Rustic Brown","B09R94QL35","https://www.amazon.com/dp/B09R94QL35?psc=1","https://m.media-amazon.com/images/I/81aGh6tkOPL._AC_SX425_.jpg","Bestier",189.99,266,"50,537.34","165,218","US",57.66,2,4.4,164,9,17,"Bestier Direct","Home & Kitchen","Small Oversize","FBA","24.3x4.3x46.5",47.11,"1/27/2022"
"SAYGOER Glass Coffee Table, Small Modern Coffee Table Square Simple Center Tables for Living Room 26.7 x 26.7 x 15.7 Inches, Gray Black","B094NTR166","https://www.amazon.com/dp/B094NTR166?psc=1","https://m.media-amazon.com/images/I/91cTZVQORnL._AC_SX425_.jpg","SAYGOER",79.88,558,"44,573.04","46,039","CN",32.21,7,4.7,696,9,29,"SAYGOER DIRECT","Home & Kitchen","Small Oversize","FBA","29.2x2.5x34.7",25.85,"5/11/2021"
"Cozy Castle Modern Coffee Table, Wooden Console Table 2 Tier with Open Storage Shelf and 1 Drawer, Easy Assembly Minimalist Hallway Table, Mid Century Modern Coffee Table for Living Room Home Office","B0972W75N8","https://www.amazon.com/dp/B0972W75N8?psc=1","https://m.media-amazon.com/images/I/91enu-GRGqS._AC_SX569_.jpg","Cozy Castle",89.99,166,"14,938.34","156,319","CN","n/a",1,4.4,147,8,9,"cozypshouse","Home & Kitchen","n/a","MFN","4.7x23.0x44.5","n/a","6/11/2021"
"Furinno Simplistic Set of 2 End Table, French Oak Grey/Grey","B00OR1KO22","https://www.amazon.com/dp/B00OR1KO22?psc=1","https://m.media-amazon.com/images/I/51FAiTCFaHL._AC_SX466_.jpg","Furinno",26.41,"7,889","208,348.49","1,209","AMZ",20.14,8,4.3,"40,235",7,208,"Amazon","Home & Kitchen","Small Oversize","AMZ","17.0x3.5x21.0",13.15,"10/22/2014"
"Best Choice Products 44in Modern Industrial Style Rectangular Wood Grain Top Coffee Table, Rustic Accent Furniture for Living Room w/Metal Frame, 1.25in Thick Butcher Block Tabletop - Gray","B0B4FG19JB","https://www.amazon.com/dp/B0B4FG19JB?psc=1","https://m.media-amazon.com/images/I/71VVB3gVdFL._AC_SX466_.jpg","Best Choice Products",79.99,"1,159","92,708.41","37,835","US",34.33,1,4.3,794,7,21,"BestChoiceproducts","Home & Kitchen","Small Oversize","MFN","24.4x44.5x3.9",24.25,"8/18/2021"
"St.Mandyu LED Coffee Table with Storage Drawers, Modern High Glossy Table with 20 Colors LED Lights for Living Room Bedroom, Black","B0BVFF2RV1","https://www.amazon.com/dp/B0BVFF2RV1?psc=1","https://m.media-amazon.com/images/I/81Wt+x8ZVWL._AC_SX522_.jpg","St.Mandyu",109.99,129,"14,188.71","226,698","CN","n/a",1,3.7,13,6,0,"Anqinmh","Home & Kitchen","n/a","MFN","n/a","n/a","2/10/2023"
"WLIVE Coffee Table for Living Room,Wood Coffee Table with Storage,Mid-Century Modern Coffee Table with Drawer,Home,Rustic Brown.","B09X16LKSX","https://www.amazon.com/dp/B09X16LKSX?psc=1","https://m.media-amazon.com/images/I/71Sa7a1ojqL._AC_SY450_.jpg","WLIVE",69.99,385,"26,946.15","153,964","CN",32.83,1,4.1,171,7,26,"WLIVE","Home & Kitchen","Small Oversize","FBA","23.0x3.0x42.0",31.00,"4/1/2022"
"Frenchi Home Furnishing Finish End Table/Side Table","B01BOVNXGQ","https://www.amazon.com/dp/B01BOVNXGQ?psc=1","https://m.media-amazon.com/images/I/71IjCdDMoeL._AC_SY550_.jpg","Frenchi Furniture",61.20,74,"4,528.80","271,055","AMZ",29.00,1,4.6,466,6,0,"Amazon","Home & Kitchen","Small Oversize","AMZ","15.6x10.2x21.1",15.65,"n/a"
"FURINNO Simple Design End Table, 2-Pack, French Oak Grey/Black","B01D30R1RS","https://www.amazon.com/dp/B01D30R1RS?psc=1","https://m.media-amazon.com/images/I/71mLU1LgyhL._AC_SX466_.jpg","Furinno",32.01,"1,890","60,498.90","4,026","AMZ",24.19,21,4.4,"10,488",8,65,"Amazon","Home & Kitchen","Small Oversize","FBA","22.4x3.7x23.0",23.10,"3/7/2016"
"Aheaplus Lift Top Coffee Table with Storage, Wood Lifting Top Central Table Metal Frame, 43.3"" Lift Tabletop Tea Table with Side Pouch, Cocktail Table Modern Pop up Adjustable Table for Living Room","B09MYG8JHK","https://www.amazon.com/dp/B09MYG8JHK?psc=1","https://m.media-amazon.com/images/I/71UKU6HYiUL._AC_SY450_.jpg","Aheaplus",139.99,561,"78,534.39","44,025","CN",47.95,15,4.2,681,7,26,"Aheaplus","Home & Kitchen","Small Oversize","FBA","23.0x4.0x46.5",41.45,"11/12/2021"
"($) WLIVE Lift Top Coffee Table for Living Room,Coffee Table with Storage,Hidden Compartment and Metal Frame, Central Table for Reception Room,Rustic Brown","B0BBQF5N3Q","https://www.amazon.com/dp/B0BBQF5N3Q?psc=1","https://m.media-amazon.com/images/I/81TGrbWvJiL._AC_SX466_.jpg","WLIVE",109.99,293,"32,227.07","92,861","CN",44.71,2,3.8,122,8,19,"WLIVE","Home & Kitchen","Small Oversize","FBA","21.5x4.5x42.5",45.01,"8/24/2022"
"($) IDEALHOUSE Rectangle Coffee Table 2-Tier Farmhouse Coffee Table for Living Room Industrial Wood Look Grey Tea Table with Easy Assembly Accent Storage Shelf and X Metal Frame","B08QD6SBC2","https://www.amazon.com/dp/B08QD6SBC2?psc=1","https://m.media-amazon.com/images/I/91wW2JysWkL._AC_SX425_.jpg","IDEALHOUSE",108.99,148,"16,130.52","269,969","CN",45.55,6,4.3,335,7,8,"Yartaka shop","Home & Kitchen","Small Oversize","MFN","24.8x4.8x44.8",44.81,"12/11/2020"
"($) Smuxee 31.5"" Round Coffee Table Espresso Color, Industrial 2-Tier Circle Coffee Tables with Storage Open Shelf, Coffee Table with Metal Legs for Living Room","B0BNH4HHPM","https://www.amazon.com/dp/B0BNH4HHPM?psc=1","https://m.media-amazon.com/images/I/91iQkOQqBwL._AC_SX679_.jpg","Smuxee",119.99,42,"5,039.58","258,786","CN",52.17,1,4.2,7,8,1,"Smuxee","Home & Kitchen","Medium Oversize","FBA","35.0x4.1x35.7",25.85,"11/28/2022"
"($) Bestier Lift Top Reversible L Shaped Desk with File Cabinet Standing Computer Desk with Storage Height Adjustable Home Office Desk Corner Desk Long Table for 2 People Bedroom Living Room(Wash White)","B0BR3BTCB7","https://www.amazon.com/dp/B0BR3BTCB7?psc=1","https://m.media-amazon.com/images/I/71Nl+ar4VaL._AC_SY450_.jpg","Bestier",239.99,67,"16,079.33","283,175","US",91.27,1,4.3,28,8,-159,"Bestier Direct","Home & Kitchen","Medium Oversize","MFN","26.7x7.5x46.7",91.82,"12/26/2022"
"WLIVE Lift Top Coffee Table with Storage,Hidden Compartment and Open Shelf,Living Room Tables with Metal Mesh Door Cabinet for Home, Office.","B0BTNP9K2Y","https://www.amazon.com/dp/B0BTNP9K2Y?psc=1","https://m.media-amazon.com/images/I/810niL79CoL._AC_SY355_.jpg","WLIVE",79.99,70,"5,599.30","507,057","CN",49.03,2,4.2,9,7,0,"RG HomeFurniture","Home & Kitchen","Small Oversize","MFN","24.0x5.0x45.0",65.13,"2/2/2023"
"Nidouillet 3 Tier Tempered Glass Table with Glass Shelves and Stainless Steel Legs, Oval-Shaped Coffee Table Living Room Home Furniture 35.4"" x 19.7"" x17.7 (L x W x H)- Black AB026","B081CT9Q4K","https://www.amazon.com/dp/B081CT9Q4K?psc=1","https://m.media-amazon.com/images/I/51UEBbUmPYL._AC_SY450_.jpg","Nidouillet",84.99,104,"8,838.96","253,843","HK",34.65,1,4.2,397,10,7,"ExtremeValues","Home & Kitchen","Small Oversize","FBA","22.8x4.0x38.8",29.21,"5/30/2019"
"HOOBRO Round Side Table, Round Accent End Table with Sturdy X-Shaped Metal Frame, 15.7"" Round Nightstand, for Living Room, Bedroom, Balcony, Office Rustic Brown BF95BZ01","B09X39XJQJ","https://www.amazon.com/dp/B09X39XJQJ?psc=1","https://m.media-amazon.com/images/I/61Yb+NUvviL._AC_SY450_.jpg","HOOBRO",33.99,460,"15,635.40","40,545","CN",17.77,4,4.6,107,9,43,"Hoobro","Home & Kitchen","Small Oversize","FBA","17.4x2.1x17.9",7.20,"8/2/2022"
"VASAGLE Side Table, Round End Table with 2 Shelves for Living Room, Bedroom, Small Table with Steel Frame for Smaller Spaces, Outdoor, Greige and Black","B07XXLG1JG","https://www.amazon.com/dp/B07XXLG1JG?psc=1","https://m.media-amazon.com/images/I/61U4oHKu4fL._AC_SX425_.jpg","VASAGLE",59.99,468,"28,075.32","101,022","n/a",24.61,1,4.7,"1,631",9,38,"n/a","Home & Kitchen","Small Oversize","FBA","23.4x3.4x23.8",14.20,"12/29/2019"
"Yaheetech 2-Tier Industrial Wood Coffee Table, Cocktail Table Center Table with Open Storage Shelf for Living Room, Vintage Accent Furniture Table with Metal Frame, Easy Assembly, Gray","B099W8D8T8","https://www.amazon.com/dp/B099W8D8T8?psc=1","https://m.media-amazon.com/images/I/91TPGmGIuXL._AC_SX679_.jpg","Yaheetech",72.99,181,"13,211.19","123,238","US",35.79,1,4.7,681,10,8,"Yaheetech","Home & Kitchen","Small Oversize","MFN","24.8x44.5x3.9",36.82,"7/20/2021"
"JIFULI Square Coffee Table 17in Faux Marble Coffee Table, 2 Tier Square Living Room Table, Double-Layered Marble Print Accent Table-White","B0B8C4VHZD","https://www.amazon.com/dp/B0B8C4VHZD?psc=1","https://m.media-amazon.com/images/I/71ox2dXDx-L._AC_SY450_.jpg","JIFULI",79.99,1,79.99,"1,205,417","CN",21.67,1,3.8,6,6,0,"JIFULI 2","Home & Kitchen","Small Oversize","FBA","15.3x2.1x16.6",7.90,"8/2/2022"
"Yaheetech Rectangular Coffee Table, Tempered Glass Coffee Table with 2 Tier Storage Shelf, Modern Center Tea Table with Heavy-Duty Metal Frame for Home Living Room, Gold","B0BY3YG1FP","https://www.amazon.com/dp/B0BY3YG1FP?psc=1","https://m.media-amazon.com/images/I/71JcjFqYZDL._AC_SY450_.jpg","Yaheetech",92.99,414,"38,497.86","69,577","US",39.64,1,4.7,235,9,7,"Yaheetech","Home & Kitchen","Small Oversize","MFN","21.7x45.9x4.1",38.25,"3/11/2023"
"Sauder North Avenue Coffee Table, Charter Oak finish, L: 31.50"" x W: 20.00"" x H: 16.54""","B01K6PLW4Q","https://www.amazon.com/dp/B01K6PLW4Q?psc=1","https://m.media-amazon.com/images/I/71Z+TfZ9n8L._AC_SX425_.jpg","Sauder",79.99,165,"13,198.35","220,733","AMZ",31.81,2,4.5,"5,580",8,14,"Amazon","Home & Kitchen","Small Oversize","FBA","23.6x2.5x35.7",24.45,"n/a"
"SOOWERY End Tables with Charging Station, Set of 2 Side Tables with USB Ports and Outlets, Nightstands with Storage Shelf for Living Room, Bedroom, Brown","B0BRFX55TJ","https://www.amazon.com/dp/B0BRFX55TJ?psc=1","https://m.media-amazon.com/images/I/718Dm+1KN3L._AC_SX466_.jpg","SOOWERY",79.99,287,"22,957.13","63,532","CN",25.51,1,4.6,83,8,13,"SOOWERY Direct","Home & Kitchen","Small Oversize","FBA","14.0x5.0x19.0",3.00,"12/31/2022"
"APEXCHASER Metal Side Table, 3-Tier Modern Style End Table with Storage Shelf, Side Table for Small Spaces, Fashionable Coffee Table for Living Room, Bedroom,Pink","B0BX9QJTWK","https://www.amazon.com/dp/B0BX9QJTWK?psc=1","https://m.media-amazon.com/images/I/71SVCJ15KuL._AC_SX466_.jpg","APEXCHASER",39.99,363,"14,516.37","49,681","CN",15.41,1,4.2,23,6,14,"TR Trading Store","Home & Kitchen","Large Standard-Size","FBA","12.6x7.3x17.2",7.94,"3/2/2023"
"Edvivi Marya Drum Crystal Chandelier, 4 Lights Glam Lighting Fixture with Chrome Finish, Adjustable Ceiling Light with Round Crystal Drum Shade, Dining Room Light for Living Room, Bedroom, Kitchen","B01AKWNMJI","https://www.amazon.com/dp/B01AKWNMJI?psc=1","https://m.media-amazon.com/images/I/81NWu+qFDgL._AC_SX569_.jpg","Edvivi",128.50,195,"25,057.50","57,585","US",45.47,1,4.8,"1,517",8,7,"Weekend Sunshine","Tools & Home Improvement","Small Oversize","MFN","16.3x17.8x17.8",12.40,"1/1/2016"
"FURINNO Turn-N-Tube Haydn End Table, 1-Pack, French Oak Grey/Black","B01CP3DSAI","https://www.amazon.com/dp/B01CP3DSAI?psc=1","https://m.media-amazon.com/images/I/61iwhBmJLaL._AC_SY355_.jpg","Furinno",8.82,"45,497","401,283.54",417,"AMZ",13.57,8,4.5,"86,910",5,"1,699","Amazon","Home & Kitchen","Small Oversize","AMZ","14.3x3.2x19.8",6.80,"3/8/2016"
"($) WLIVE End Tables Set of 2, 2-Tier Small Side Tables with Open Storage, Narrow Side Stands for Bedroom, Living Room, Couch, Study, Modern End Stands with Sturdy Metal Frame, Sturdy Easy Assembly,Black","B0BCKHWSHB","https://www.amazon.com/dp/B0BCKHWSHB?psc=1","https://m.media-amazon.com/images/I/71wvBojqoZL._AC_SX569_.jpg","WLIVE",42.99,"1,803","77,510.97","21,696","CN",17.78,1,4.4,114,8,19,"SYL-HOME","Home & Kitchen","Large Standard-Size","FBA","13.1x3.6x17.8",15.83,"8/31/2022"
"($) WLIVE Modern Lift Top Coffee Table,Rustic Coffee Table with Storage Shelf and Hidden Compartment,Wood Lift Tabletop for Home Living Room,Black.","B09X19SN56","https://www.amazon.com/dp/B09X19SN56?psc=1","https://m.media-amazon.com/images/I/81zNiKI3gNL._AC_SY355_.jpg","WLIVE",84.99,708,"60,172.92","37,527","CN",38.86,1,4.1,334,6,40,"WLIVE","Home & Kitchen","Small Oversize","FBA","21.9x3.6x42.4",39.86,"4/1/2022"
"($) YITAHOME Lift Top Coffee Table with Storage, Double Doors Mid-Century Cocktail Table with Hidden Compartment Storage Cupboard, Wood Tea Center Table Living Room Table for Home Office, Grey","B09SB5Z6R8","https://www.amazon.com/dp/B09SB5Z6R8?psc=1","https://m.media-amazon.com/images/I/814uxATnShL._AC_SX522_.jpg","YITAHOME",119.44,77,"9,196.88","302,583","AMZ",67.36,2,4.5,111,8,2,"Amazon","Home & Kitchen","Medium Oversize","AMZ","24.8x46.5x5.1",70.55,"2/11/2022"
"($) WLIVE Lift Top Coffee Table for Living Room,Coffee Table with Storage,Hidden Compartment and Metal Frame, Central Table with 4 Casters for Reception Room,Espresso.","B0BKPTTXJZ","https://www.amazon.com/dp/B0BKPTTXJZ?psc=1","https://m.media-amazon.com/images/I/71pI85ZnduL._AC_SX679_.jpg","WLIVE",99.99,159,"15,898.41","114,787","CN",26.95,1,4.1,42,8,5,"WLIVE","Home & Kitchen","Small Oversize","FBA","22.3x4.3x44.5",41.26,"10/27/2022"
"WLIVE Lift Top Coffee Table with Storage,Small Coffee Table with Drawers for Living Room,Hidden Compartment and Open Shelf,Central Table for Reception Room,Rustic Brown","B0BRB12W8X","https://www.amazon.com/dp/B0BRB12W8X?psc=1","https://m.media-amazon.com/images/I/81jRlgOs1RL._AC_SY450_.jpg","WLIVE",139.99,"n/a","n/a","146,114","CN",55.09,1,5.0,1,7,0,"WLIVE","Home & Kitchen","Small Oversize","FBA","23.0x5.5x43.5",60.01,"12/29/2022"
"MAHANCRIS End Tables Set of 2, Side Table with Tempered Glass Top, Narrow Beside Table for Small Space, 2-Tier Nightstand with Storage Shelf, for Sofa Couch and Bed, Easy Assembly, Gold ETJ24B01S2Z1","B0BRMHZQZK","https://www.amazon.com/dp/B0BRMHZQZK?psc=1","https://m.media-amazon.com/images/I/716iuk0RIbL._AC_SY450_.jpg","MAHANCRIS",49.99,133,"6,648.67","92,763","CN",17.87,1,4.5,9,9,1,"ALLOSWELL","Home & Kitchen","Large Standard-Size","FBA","13.2x5.3x17.4",12.95,"3/27/2023"
"Town Square Chrome Coffee Table with Shelf, Glass/Chrome","B07DZWJ5D2","https://www.amazon.com/dp/B07DZWJ5D2?psc=1","https://m.media-amazon.com/images/I/61lpZMEaCHL._AC_SX679_.jpg","Convenience Concepts",73.14,214,"15,651.96","65,797","AMZ",38.76,16,4.5,"1,121",8,12,"Amazon","Home & Kitchen","Small Oversize","AMZ","21.0x5.5x44.0",43.56,"6/25/2018"
"Small Round Side Table for Living Room, 2 Tiers Farmhouse End Tables Living Room Set Of 2, Accent Tables For Small Spaces，Night Stands for Bedrooms, Coffee Tables With Storage Shelf, Easy Assembly","B0BCJJS7K9","https://www.amazon.com/dp/B0BCJJS7K9?psc=1","https://m.media-amazon.com/images/I/61PJ370cxkL._AC_SY355_.jpg","SEHERTIWY",44.99,93,"4,184.07","115,627","CN",15.36,1,4.0,26,7,4,"SEHERTIWY Direct","Home & Kitchen","Large Standard-Size","FBA","13.7x3.8x15.8",7.10,"8/31/2022"
"($) HITHOS Console Table with Outlets and USB Ports, Industrial Hallway Table with Storage 2 Drawers and Shelves, Narrow Long Sofa Entryway Table for Living Room, Grey","B0BLLM91YD","https://www.amazon.com/dp/B0BLLM91YD?psc=1","https://m.media-amazon.com/images/I/71CFGJb5MML._AC_SY450_.jpg","HITHOS",119.99,57,"6,839.43","844,004","CN","n/a",1,4.7,40,8,2,"POETIC-HOME","Home & Kitchen","n/a","MFN","n/a","n/a","11/6/2022"
"($) YITAHOME Coffee Table with Storage, Square Wood Modern Rustic Coffe Table for Living Room, Farmhouse Grey Wash Coffee Table, Coffee Table for Living Room with Half Open Storage Compartment","B09R7D753T","https://www.amazon.com/dp/B09R7D753T?psc=1","https://m.media-amazon.com/images/I/91iM815yfdL._AC_SX679_.jpg","YITAHOME",117.94,318,"37,504.92","85,880","AMZ",52.35,3,4.7,275,7,25,"Amazon","Home & Kitchen","Small Oversize","AMZ","20.5x6.5x35.8",57.77,"n/a"
"($) Tribesigns 3-Tier Console Table, 55 inch Sofa Table with Open Storage Shelves, Narrow Long Hallway/Entryway Table for Home Living Room Entryway, Rustic Brown","B099ZT6HF7","https://www.amazon.com/dp/B099ZT6HF7?psc=1","https://m.media-amazon.com/images/I/81rbVie54yL._AC_SX569_.jpg","Tribesigns",159.99,88,"14,079.12","749,754","CN","n/a",1,4.8,78,8,0,"Tribesigns-Way to Origin","Home & Kitchen","Small Oversize","MFN","5.3x18.0x60.0",43.98,"7/21/2021"
"($) WLIVE Lift Top Coffee Table with Storage,Hidden Compartment and Open Shelf,Living Room Tables with Metal Mesh Door Cabinet for Home, Office,Rustic Brown","B0BBQL9FL1","https://www.amazon.com/dp/B0BBQL9FL1?psc=1","https://m.media-amazon.com/images/I/81mfPTQ2E+L._AC_SX425_.jpg","WLIVE",119.99,330,"39,596.70","105,916","CN",49.99,1,4.4,"1,087",8,12,"WLIVE","Home & Kitchen","Small Oversize","FBA","24.8x3.9x43.9",53.26,"8/24/2022"
"Henn&Hart 45"" Wide Rectangular Coffee Table in Brass, Modern coffee tables for living room, studio apartment essentials","B07N8R9WKN","https://www.amazon.com/dp/B07N8R9WKN?psc=1","https://m.media-amazon.com/images/I/31s1o+INOwL._AC_SX466_.jpg","Henn&Hart",113.00,542,"61,246.00","60,379","AMZ",51.04,6,4.6,"4,273",9,37,"Amazon","Home & Kitchen","Small Oversize","FBA","21.0x5.0x48.0",58.24,"n/a"
"Gold End Tables Set of 2, Faux Marble Side Table for Living Room, Bedroom or Small Spaces, Small Nightstand with Storage Shelf, Easy Assembly, 2-Pack, Modern Style Accent Table","B0C16QBP8V","https://www.amazon.com/dp/B0C16QBP8V?psc=1","https://m.media-amazon.com/images/I/61-mzWT76AL._AC_SX522_.jpg","Possile",49.99,58,"2,899.42","91,300","CN",18.86,1,4.3,28,9,1,"Possile Store","Home & Kitchen","Large Standard-Size","FBA","13.0x5.4x16.9",13.05,"4/1/2023"
"HOOBRO Side Tables Set of 2, 3-Tier Slim Nightstands with Storage Shelves, Modern End Tables, Tempered Glass Bedside Tables, for Living Room, Bedroom, Gold GD77BZP201","B0BY4QTDVH","https://www.amazon.com/dp/B0BY4QTDVH?psc=1","https://m.media-amazon.com/images/I/71FZZ-i7NPL._AC_SY450_.jpg","HOOBRO",59.99,"n/a","n/a","108,926","CN",19.85,1,5.0,1,9,0,"Hoobro","Home & Kitchen","Large Standard-Size","FBA","12.8x6.0x15.3",14.05,"n/a"
"GreenForest Coffee Table Large 43.3 x 23.6 inch with Storage Shelf for Living Room, Easy Assembly, Black","B08Z7L2VPW","https://www.amazon.com/dp/B08Z7L2VPW?psc=1","https://m.media-amazon.com/images/I/514X-+mC5yL._AC_SY450_.jpg","GreenForest",79.99,267,"21,357.33","138,909","CN",36.43,6,4.5,"1,577",8,14,"GreenWorlds","Home & Kitchen","Small Oversize","FBA","25.5x2.5x46.0",35.16,"6/12/2021"
"Milliard Modern Farmhouse Coffee Table with Storage Grey","B0BVTC71G5","https://www.amazon.com/dp/B0BVTC71G5?psc=1","https://m.media-amazon.com/images/I/61Sj6QEzQxL._AC_SX569_.jpg","Milliard",69.99,174,"12,178.26","143,449","US","n/a",2,4.1,3,6,0,"Home Wise","Home & Kitchen","Small Oversize","MFN","50.0x26.0x5.0",10.00,"2/13/2023"
"Smuxee White Nesting Coffee Table Set of 2, 31.5"" Round Coffee Table Wooden Marble Pattern with Adjustable Non-Slip Feet, Industrial End Table for Living Room Bedroom Balcony (Marble Pattern 31.5"")","B0BF4QSFHT","https://www.amazon.com/dp/B0BF4QSFHT?psc=1","https://m.media-amazon.com/images/I/81Ah+2oH7QL._AC_SX466_.jpg","Smuxee",106.99,479,"51,248.21","71,458","CN",51.48,1,4.2,187,9,23,"Smuxee","Home & Kitchen","Medium Oversize","FBA","34.5x4.5x35.5",32.61,"9/13/2022"
"AKAKON End Table with Charge Station-Square Large Side Table with Outlets and USB Ports-Storage Coffee Table for Living Room-Wood 19""x19""x25"" (No Drawer)","B0BZGZ3QVB","https://www.amazon.com/dp/B0BZGZ3QVB?psc=1","https://m.media-amazon.com/images/I/71MFCqSw5pL._AC_SX522_.jpg","AKAKON",69.95,166,"11,611.70","114,481","CN",29.04,1,4.2,25,6,16,"AKAKON","Home & Kitchen","Small Oversize","FBA","21.5x3.9x21.7",21.75,"12/14/2022"
"UYIHOME Farmhouse Coffee Table with Storage, 2-Tier Rectangular Wooden Centre Cocktail Table with Slats Shelf and V-Shaped Frame for Living Room, Dark Grey","B0BZ7LM8V4","https://www.amazon.com/dp/B0BZ7LM8V4?psc=1","https://m.media-amazon.com/images/I/81PU5rLUF5L._AC_SY450_.jpg","UYIHOME",129.99,"n/a","n/a","426,002","CN",46.87,1,4.0,16,7,0,"UYIHOME","Home & Kitchen","Small Oversize","FBA","24.0x5.8x42.5",33.71,"3/22/2023"
"Glass Coffee Table, Modern Tempered Clear Coffee Tables Decor for Living Room, Easy to Clean and Safe Rounded Edges 39.3"" L x 19.6"" W x 13.78"" H","B07NW4VVG5","https://www.amazon.com/dp/B07NW4VVG5?psc=1","https://m.media-amazon.com/images/I/81NClvv56nL._AC_SX569_.jpg","SMARTIK",165.00,393,"64,845.00","80,511","CN",94.20,3,4.7,674,6,12,"Smartik","Home & Kitchen","Medium Oversize","MFN","17.0x43.0x23.0",65.00,"7/2/2021"
"SAYGOER Coffee Table Simple Modern Coffee Tables Open Design Rectangular Minimalist Center Table for Living Room Home Office Industrial Cocktail Tables, Easy Assembly, 39.37 x 19.69 x 17.72, OAK White","B0BQ3BP4ND","https://www.amazon.com/dp/B0BQ3BP4ND?psc=1","https://m.media-amazon.com/images/I/71tYICS8fRL._AC_SX425_.jpg","SAYGOER",39.97,351,"14,029.47","88,787","CN",24.55,1,4.4,115,4,12,"SAYGOER DIRECT","Home & Kitchen","Small Oversize","FBA","23.0x2.0x42.5",21.75,"12/14/2022"
"Rectangle Glass Tea Table Modern Side Coffee Table with Lower Shelf Suitable for Living Room, 2-Tier Center Coffee Tables, Tempered Glass Tabletop & Metal Legs, White","B09KLM2J3B","https://www.amazon.com/dp/B09KLM2J3B?psc=1","https://m.media-amazon.com/images/I/71YgRbndvKL._AC_SX425_.jpg","Generic",79.99,97,"7,759.03","542,130","CN",43.81,3,4.7,413,8,14,"HOTYARD","Home & Kitchen","Small Oversize","MFN","25.8x42.9x4.3",49.06,"10/28/2021"
"HOMMPA Led Coffee Table Black Low Profile Matte Coffee Table with High Gloss Tabletop and Storage Drawers Modern Small Center Coffee Table with Plug in Wired Led Light for Living Room 13"" Tall","B0BKFC4TGF","https://www.amazon.com/dp/B0BKFC4TGF?psc=1","https://m.media-amazon.com/images/I/81UGLyxZxLL._AC_SY450_.jpg","HOMMPA",159.98,111,"17,757.78","300,889","CN","n/a",3,3.7,66,9,1,"Phycomn","Home & Kitchen","n/a","MFN","n/a","n/a","10/25/2022"
"FORAOFUR End Table with Charging Station, Black Side Table with USB Ports and Outlets, Small Side Table Narrow Side Table for Living Room, Bedroom and Office, Small Nightstand with Charging Station","B0BY8DWWWR","https://www.amazon.com/dp/B0BY8DWWWR?psc=1","https://m.media-amazon.com/images/I/61J0Uxdyr8L._AC_SX466_.jpg","FORAOFUR",34.99,"n/a","n/a","148,197","CN",14.18,1,5.0,8,7,1,"HAITE HOME","Home & Kitchen","Large Standard-Size","FBA","13.1x4.2x17.4",7.96,"3/13/2023"
"AMHANCIBLE C Shaped End Table Set of 2, Side Tables for Sofa, Snack Couch Tables That Slide Under for Living Room Bedroom Golden White Marble HET02GMB","B0BJ6NF4LV","https://www.amazon.com/dp/B0BJ6NF4LV?psc=1","https://m.media-amazon.com/images/I/61wrXplQuLL._AC_SY355_.jpg","AMHANCIBLE",59.49,"1,458","86,736.42","11,501","CN",19.61,3,4.5,752,9,37,"Amhancible","Home & Kitchen","Large Standard-Size","FBA","12.9x6.3x16.9",13.80,"10/23/2022"
"VASAGLE C-Shaped End Table Set of 2, Small Side Table for Couch, Sofa Table with Metal Frame for Living Room, Bedroom, Bedside, Rustic Brown and Black","B0B58PQX2S","https://www.amazon.com/dp/B0B58PQX2S?psc=1","https://m.media-amazon.com/images/I/71SDeS-3n3L._AC_SX466_.jpg","VASAGLE",69.99,"2,965","207,520.35","6,224","US",22.47,4,4.7,"2,189",9,95,"Songmics Direct","Home & Kitchen","Large Standard-Size","FBA","13.2x5.8x17.5",17.46,"6/28/2022"
"MaxSmeo Mid Century Modern Nightstand with Drawer, Small Nightstand Bedside Table, Brown Rattan Nightstand, Wood End Table for Bedroom, Living Room (Brown)","B0B9MLHJ8R","https://www.amazon.com/dp/B0B9MLHJ8R?psc=1","https://m.media-amazon.com/images/I/61aRuXrA0QL._AC_SY450_.jpg","MaxSmeo",72.99,"1,699","124,010.01","16,309","CN",28.81,7,4.3,492,7,34,"Sme Direct","Home & Kitchen","Small Oversize","FBA","14.1x2.4x17.8",17.45,"8/15/2022"
"KHLJJU Black Nightstand with Charging Station, Bedside Tables with USB Ports and Outlets, Side Table with 3 Tiers Storage Space for Small Spaces, End Table with Drawer for Bedroom, Living Room","B0BX41WLR9","https://www.amazon.com/dp/B0BX41WLR9?psc=1","https://m.media-amazon.com/images/I/61wKeggrE8L._AC_SX569_.jpg","KHLJJU",89.99,"n/a","n/a","78,379","CN",25.47,1,4.4,6,9,0,"bengchijiaju","Home & Kitchen","Large Standard-Size","FBA","13.6x7.4x17.6",19.18,"2/28/2023"
"Apicizon Round Side Table, White Nightstand Coffee End Table for Living Room, Bedroom, Small Spaces, Easy Assembly Modern Home Decor Bedside Table with White Wood Legs, 16.5 x 20.5 Inches","B0BNJ86FCL","https://www.amazon.com/dp/B0BNJ86FCL?psc=1","https://m.media-amazon.com/images/I/51tDCZ6f55L._AC_SY606_.jpg","Apicizon",38.99,"n/a","n/a","13,040","CN",18.10,1,4.5,"1,923","n/a",0,"APICIZON","Home & Kitchen","Small Oversize","n/a","18.3x2.5x18.9",5.45,"11/28/2022"
"Okvnbjk Rustic Coffee Table with Charging Station, 40 inch Large Living Room Coffee Table, 2-Tier Rectangle with Wireless Charger Pad & USB Port, Rustic Brown","B0BN1H36NS","https://www.amazon.com/dp/B0BN1H36NS?psc=1","https://m.media-amazon.com/images/I/814NPTTjAHL._AC_SX679_.jpg","Okvnbjk",109.99,116,"12,758.84","199,896","US",45.28,1,4.6,36,5,1,"Okvnbjk","Home & Kitchen","Small Oversize","FBA","25.5x4.3x44.0",43.41,"11/21/2022"
"Tohomeor End Table with Charging Station LED Light Nightstand Bedroom Bed Side Dresser with Fabric Drawers Open Storage Shelf Living Room Sofa End Table with USB Ports and Outlet (Charcoal, 2 Packs)","B0BY5CG9ZX","https://www.amazon.com/dp/B0BY5CG9ZX?psc=1","https://m.media-amazon.com/images/I/61t1HXNg4DL._AC_SY450_.jpg","Tohomeor",119.89,"n/a","n/a","24,080","CN",38.36,1,"n/a",0,8,0,"Tohomeor","Home & Kitchen","Small Oversize","FBA","15.9x17.9x8.7",23.15,"3/11/2023"
"HOOBRO Side Table, Flip End Table with Charging Station and Shelves, USB Ports & Power Outlets, Narrow Nightstand for Small Spaces, Stable and Sturdy, for Living Room, Bedroom, Black BK341BZ01","B0BQQM4GTZ","https://www.amazon.com/dp/B0BQQM4GTZ?psc=1","https://m.media-amazon.com/images/I/61+OWCfSeDL._AC_SX466_.jpg","HOOBRO",59.99,"n/a","n/a","38,499","CN",20.32,1,4.5,790,9,11,"Hoobro","Home & Kitchen","Large Standard-Size","FBA","5.8x13.1x15.9",15.84,"5/15/2023"
"Furinno Coffee Table with Bins, Espresso/Brown","B004UMDLPK","https://www.amazon.com/dp/B004UMDLPK?psc=1","https://m.media-amazon.com/images/I/61+CZlAkNqL._AC_SX425_.jpg","Furinno",24.39,758,"18,487.62","52,300","AMZ",23.47,13,4.1,"7,733",13,75,"Amazon","Home & Kitchen","Small Oversize","AMZ","21.6x3.3x34.2",24.60,"3/31/2011"
"Tangkula Wood Lift Top Coffee Table, Modern Coffee Table w/Hidden Compartment and Open Storage Shelf for Living Room Office Reception Room, Lift Coffee Table (White)","B0744B7PTW","https://www.amazon.com/dp/B0744B7PTW?psc=1","https://m.media-amazon.com/images/I/61UNJBtg5GL._AC_SX466_.jpg","Tangkula",169.99,117,"19,888.83","279,430","US","n/a",1,4.5,"2,080",9,5,"Tangkula","Home & Kitchen","n/a","MFN","n/a","n/a","7/19/2017"
"SUCXDZQ LED Coffee Table, Modern 2 Tiers High Glossy White Coffee Table with Remote Control, Coffee Table for Living Room","B0BXX1BMLL","https://www.amazon.com/dp/B0BXX1BMLL?psc=1","https://m.media-amazon.com/images/I/81JWwj29eLL._AC_SY355_.jpg","SUCXDZQ",195.00,190,"37,050.00","148,521","CN",57.88,1,2.8,8,6,6,"liuxiaominn","Home & Kitchen","Small Oversize","FBA","23.3x4.8x39.8",45.51,"3/9/2023"
"HOOBRO Side Table with Charging Station, Set of 2 End Tables with USB Ports and Outlets, Nightstand with 2-Layer Storage Shelves for Small Spaces, Living Room, Bedroom, Rustic Brown BF09UBZP201","B0B9GXYT5D","https://www.amazon.com/dp/B0B9GXYT5D?psc=1","https://m.media-amazon.com/images/I/71y5pfHiDqL._AC_SX569_.jpg","HOOBRO",59.99,"1,676","100,543.24","15,821","CN",20.01,2,4.4,126,8,23,"Hoobro","Home & Kitchen","Large Standard-Size","FBA","12.0x5.7x17.9",14.78,"8/12/2022"
"mopio Ensley Coffee Table, Mid Century Modern Coffee Table with Storage, Farmhouse Coffee Table, Wood Coffee Table, Living Room Tables, Center Table (Oak, Coffee Table)","B0C4Y91TZD","https://www.amazon.com/dp/B0C4Y91TZD?psc=1","https://m.media-amazon.com/images/I/81xAz0bWqhL._AC_SY450_.jpg","mopio",187.00,"n/a","n/a","70,893","US","n/a",1,4.6,460,"n/a",0,"MopioInc","Home & Kitchen","n/a","MFN","n/a","n/a","5/11/2023"
"FIRMINANA Mid Century Modern Coffee Table,Large Oval Coffee Table for Living Room,Oval Small Mangotop Black Coffee for Small Spaces,Espresso,47.3"" W x23.63 D x 17.72"" H","B0C1GN5V3P","https://www.amazon.com/dp/B0C1GN5V3P?psc=1","https://m.media-amazon.com/images/I/61tE+7HGfjL._AC_SX569_.jpg","FIRMINANA",119.99,696,"83,513.04","40,761","CN",38.22,1,4.2,184,9,-9,"Firminana","Home & Kitchen","Small Oversize","FBA","27.0x2.0x52.5",25.05,"4/4/2023"
"Henn&Hart 45"" Wide Rectangular Coffee Table in Blackened Bronze, Modern coffee tables for living room, studio apartment essentials","B07N8RRPT5","https://www.amazon.com/dp/B07N8RRPT5?psc=1","https://m.media-amazon.com/images/I/31TlFk9qJwL._AC_SY355_.jpg","Henn&Hart",115.35,178,"20,532.30","88,727","AMZ",29.89,7,4.7,"1,611",9,12,"Amazon","Home & Kitchen","Small Oversize","FBA","22.3x5.0x46.7",48.66,"1/30/2019"
"Milliard Mid Century Modern Coffee Table, Black","B0BVT4Y249","https://www.amazon.com/dp/B0BVT4Y249?psc=1","https://m.media-amazon.com/images/I/511CLGrGx0L._AC_SX569_.jpg","Milliard",89.99,129,"11,608.71","163,055","US",45.25,2,4.0,9,6,2,"Home Wise","Home & Kitchen","Small Oversize","MFN","23.0x45.5x7.5",35.00,"2/13/2023"
"Tribesigns Modern Coffee Table, 47 Inch Faux Marble Cocktail Table with Geometric Frame, Rectangular Center Table Tea Table Accent Furniture for Living Room, Simple Assembly (White/Gold)","B0BRT2YPBY","https://www.amazon.com/dp/B0BRT2YPBY?psc=1","https://m.media-amazon.com/images/I/81rQB6f-WWL._AC_SY450_.jpg","Tribesigns",149.99,96,"14,399.04","137,107","CN",51.13,1,4.6,6,7,0,"Tribesigns-Way to Origin","Home & Kitchen","Small Oversize","MFN","22.8x54.3x5.1",37.00,"1/6/2023"
"Yoobure C Shaped End Table, Side Table for Couch and Bed, Small Side Table for Small Spaces, Living Room, Bedroom, Rustic Snack Table","B0BCJSFLB4","https://www.amazon.com/dp/B0BCJSFLB4?psc=1","https://m.media-amazon.com/images/I/61iDjigc78L._AC_SX679_.jpg","Yoobure",36.99,"1,976","73,092.24","17,498","HK",14.48,6,4.5,957,7,97,"Super A Plus","Home & Kitchen","Large Standard-Size","FBA","12.0x3.1x17.8",8.07,"8/31/2022"
"BETTAHOME C Shaped End Table, Side Table, for Couch, Bed, Chair, Living Room, Bedroom, Slides Under Sofa, Tray for Snack, Laptop, TV Dinner, Light Wood and Black BT001B","B0BYJ5L7M6","https://www.amazon.com/dp/B0BYJ5L7M6?psc=1","https://m.media-amazon.com/images/I/61jzhjI1x4L._AC_SX569_.jpg","BETTAHOME",30.99,"n/a","n/a","76,066","CN",14.73,1,4.6,63,7,6,"BETTAHOME","Home & Kitchen","Large Standard-Size","FBA","13.6x4.0x17.5",8.93,"5/3/2023"