"Product Details","ASIN","URL","Image URL","Brand","Price $","Sales","Revenue","BSR","Seller Country/Region","Fees $","Active Sellers #","Ratings","Review Count","Images","Review velocity","Buy Box","Category","Size Tier","Fulfillment","Dimensions","Weight","Creation Date"
"($) Amazon Basics Round Storage End Table, Side Table with Cloth Basket - White/Heather Gray, 19 x 18 x 18 Inches","B07TWXS5Y6","https://www.amazon.com/dp/B07TWXS5Y6?psc=1","https://m.media-amazon.com/images/I/71bLf-pRNRL._AC_SY355_.jpg","Amazon Basics",30.60,"n/a","n/a","1,681","AMZ",17.26,8,4.5,"8,520",6,0,"Amazon","Our Brands","Small Oversize","FBA","19.5x2.6x20.5",6.73,"n/a"
"($) End Table with Charging Station, Narrow Side Table with USB Ports and Outlets, Flip Top Nightstand / Bedside Table / Sofa Couch Table for Small Spaces / Slim End Table for Living Room Bedroom Office","B09XF1BD3V","https://www.amazon.com/dp/B09XF1BD3V?psc=1","https://m.media-amazon.com/images/I/813ERoU0RUL._AC_SY355_.jpg","TILLMAO",59.99,921,"55,250.79","29,529","CN",21.80,3,4.7,517,7,42,"Weili-TECH","Home & Kitchen","Large Standard-Size","FBA","13.9x6.1x17.2",17.39,"8/31/2022"
"BUYT Portable End Table Mobile Folding Table Overbed Table with Castors for Bedroom, Living Room, Sofa Multifunctional and Practical Wheels Side Table (Color : Blue)","B08MBQTM9R","https://www.amazon.com/dp/B08MBQTM9R?psc=1","https://m.media-amazon.com/images/I/51U7hMnAGJL._AC_SX679_.jpg","BUYT",669.75,"n/a","n/a","n/a","CN","n/a",1,"n/a",0,"n/a",0,"junboyaojianshe","Home & Kitchen","n/a","MFN","n/a","n/a","10/31/2020"
"Furinno Just 3-Tier Turn-N-Tube End Table / Side Table / Night Stand / Bedside Table with Plastic Poles, 1-Pack, French Oak Grey/Black","B07FL6D1Z8","https://www.amazon.com/dp/B07FL6D1Z8?psc=1","https://m.media-amazon.com/images/I/716RUsUozWL._AC_SX679_.jpg","Furinno",17.67,"45,481","803,649.27",417,"AMZ",11.26,13,4.5,"86,910",7,"1,084","Amazon","Home & Kitchen","Large Standard-Size","FBA","12.2x3.4x16.3",7.15,"7/13/2018"
"FORAOFUR Side Table, Small End Table Accent Table Living Room Bedroom Balcony Office, Modern Side Table Bedside Table Home Decor, Easy Assembly","B09TFHLB3J","https://www.amazon.com/dp/B09TFHLB3J?psc=1","https://m.media-amazon.com/images/I/51UCaA8FFXL._AC_SX425_.jpg","FORAOFUR",23.39,"1,844","43,131.16","12,050","CN",11.32,1,4.6,413,7,36,"HAITE HOME","Home & Kitchen","Large Standard-Size","FBA","13.3x2.8x17.2",4.59,"2/25/2022"
"HOOBRO Nightstand with Charging Station and USB Ports, 3-Tier End Table with Adjustable Shelves, Side Table for Small Space Living Room, Bedroom and Balcony, Modern Style, Gold and White DW112BZ01G1","B0BTBVGMN4","https://www.amazon.com/dp/B0BTBVGMN4?psc=1","https://m.media-amazon.com/images/I/61AdcQTm82L._AC_SX679_.jpg","HOOBRO",45.99,"n/a","n/a","9,518","CN",16.30,1,4.4,365,9,59,"Hoobro","Home & Kitchen","Large Standard-Size","FBA","12.4x4.0x17.1",9.97,"1/30/2023"
"ALLOSWELL Small Side Table, End Table with Storage Shelf, 14.6 x 10.6 x 19.9 Inches, Nightstand X-Shaped Design, Bedside Table, Steel Frame, Living Room, Bedroom, Easy Assembly, Rustic Brown ETHR2801","B09G2L33ZX","https://www.amazon.com/dp/B09G2L33ZX?psc=1","https://m.media-amazon.com/images/I/717EXLXHa4L._AC_SX425_.jpg","ALLOSWELL",19.99,486,"9,715.14","24,952","CN",11.93,7,4.3,471,9,27,"ALLOSWELL","Home & Kitchen","Large Standard-Size","FBA","13.2x3.4x17.3",8.38,"1/6/2022"
"Yoobure C Shaped End Table, Side Table for Couch and Bed, Small Side Table for Small Spaces, Living Room, Bedroom, Rustic Snack Table","B09QC6QN7D","https://www.amazon.com/dp/B09QC6QN7D?psc=1","https://m.media-amazon.com/images/I/511ysW9DwML._AC_SX679_.jpg","Yoobure",35.99,"1,965","70,720.35","17,498","HK",14.17,15,4.5,957,7,70,"Super A Plus","Home & Kitchen","Large Standard-Size","FBA","12.3x3.0x17.6",7.78,"4/24/2022"
"Furinno Simple Design End/SideTable, Espresso","B003VP10PK","https://www.amazon.com/dp/B003VP10PK?psc=1","https://m.media-amazon.com/images/I/51s0FECr-BL._AC_SY355_.jpg","Furinno",10.24,"1,653","16,926.72","4,026","AMZ",15.89,7,4.4,"10,488",9,83,"Amazon","Home & Kitchen","Small Oversize","AMZ","22.0x2.1x22.7",11.90,"8/23/2011"
"VASAGLE Small Round Side End Table, Modern Nightstand with Fabric Basket, White + Beige","B0BBTN7F4Q","https://www.amazon.com/dp/B0BBTN7F4Q?psc=1","https://m.media-amazon.com/images/I/71PfQeVSYKL._AC_SX569_.jpg","VASAGLE",42.99,"3,564","153,216.36","9,428","AMZ",20.80,9,4.6,116,9,31,"Amazon","Home & Kitchen","Small Oversize","AMZ","20.1x3.8x21.5",10.05,"8/25/2022"
"($) FAGAGA End Table with Charging Station, Side Table with Storage, Wireless Charging End Table for Living Room,White Nightstand with Adjustable Shelf","B0BYSCMG2H","https://www.amazon.com/dp/B0BYSCMG2H?psc=1","https://m.media-amazon.com/images/I/71IcpvhPyHL._AC_SY355_.jpg","FAGAGA",169.99,128,"21,758.72","278,938","HK","n/a",1,4.5,30,7,5,"FAGAGA Furniture","Home & Kitchen","n/a","MFN","n/a","n/a","3/17/2023"
"($) coucheta Nightstand with Charging Station, Side Table with USB Ports and Outlets, Nightstand for Large Spaces, Bedside Tables with Storage Shelf for Living Room, Bedroom (Grey)","B0BHWSKNP4","https://www.amazon.com/dp/B0BHWSKNP4?psc=1","https://m.media-amazon.com/images/I/71Kot1NnFrL._AC_SX569_.jpg","coucheta",78.29,33,"2,583.57","879,355","AMZ",34.22,3,4.4,9,7,1,"Amazon","Home & Kitchen","Small Oversize","FBA","18.0x20.0x5.0",29.00,"10/11/2022"
"($) Aheaplus End Table Set of 2 with Charging Station, 3 Tier Slim Side Table with Storage Shelf, Narrow Bedside Nightstand with USB Ports & Outlets, Sofa Side Table for Bedroom, Living Room, Black","B0BG87SZC2","https://www.amazon.com/dp/B0BG87SZC2?psc=1","https://m.media-amazon.com/images/I/71nHyPrykbL._AC_SX679_.jpg","Aheaplus",89.99,605,"54,443.95","30,292","CN",25.79,1,4.3,331,7,28,"Aheaplus","Home & Kitchen","Large Standard-Size","FBA","13.5x6.5x16.2",19.60,"9/23/2022"
"($) Ecoprsio Nightstand White End Table Side Table with Drawer and Storage Shelf Wood Night Stand Modern Bedside Table for Bedroom, Living Room, Sofa Couch, Hall, Easy Assembly, White","B098389B99","https://www.amazon.com/dp/B098389B99?psc=1","https://m.media-amazon.com/images/I/71F-S7pS39L._AC_SX425_.jpg","Ecoprsio",59.99,456,"27,355.44","66,732","CN",26.62,17,4.4,693,8,13,"Ecoprsio Store","Home & Kitchen","Small Oversize","FBA","18.2x3.4x25.5",18.90,"6/28/2021"
"ALLOSWELL End Table, Side Table with Storage Shelf, Nightstand for Small Spaces, Bedside Table, for Living Room, Bedroom, Easy Assembly, Rustic Brown ETHR5001","B09G2G448L","https://www.amazon.com/dp/B09G2G448L?psc=1","https://m.media-amazon.com/images/I/61PiWODKD+L._AC_SY450_.jpg","ALLOSWELL",21.99,580,"12,754.20","36,851","CN",12.07,1,4.3,450,9,13,"ALLOSWELL","Home & Kitchen","Large Standard-Size","FBA","12.9x3.4x17.2",7.76,"1/6/2022"
"Apicizon 2 Tier End Table, Boho Side Table with Storage Shelf, Nightstand Bedside Table for Small Spaces, Bedroom, Living Room, Entryway, Farmhouse, Easy Assembly, White+Natural","B09TR7ZNMP","https://www.amazon.com/dp/B09TR7ZNMP?psc=1","https://m.media-amazon.com/images/I/81zsVDZNspL._AC_SY450_.jpg","Apicizon",28.99,470,"13,625.30","70,686","CN",14.11,1,4.5,115,7,10,"APICIZONHOME","Home & Kitchen","Large Standard-Size","FBA","12.8x2.8x17.1",7.54,"10/26/2021"
"AOJEZOR End Table,Accent Table Ideal for Any Room-Side Table Living Room,Side Tables Bedroom,Side Table Waterproof Metal Structure Great for Indoor & Outdoor,Matte Black Tray Surface with 3 Legs","B09X9GMLZG","https://www.amazon.com/dp/B09X9GMLZG?psc=1","https://m.media-amazon.com/images/I/717q7wg1ZhL._AC_SY355_.jpg","AOJEZOR",37.88,"3,868","146,519.84","4,644","CN",19.30,4,4.6,"3,277",8,50,"Aojezor","Home & Kitchen","Small Oversize","FBA","18.4x2.8x23.5",6.55,"3/14/2022"
"Apicizon Round Side Table, White Nightstand Coffee End Table for Living Room, Bedroom, Small Spaces, Easy Assembly Modern Home Decor Bedside Table with Natural Wood Legs, 16.5 x 20.5 Inches","B08LYPSDNY","https://www.amazon.com/dp/B08LYPSDNY?psc=1","https://m.media-amazon.com/images/I/61+87WmxrzS._AC_SY450_.jpg","Apicizon",36.99,"2,071","76,606.29","13,040","CN",17.80,1,4.5,"1,923",9,42,"APICIZON","Home & Kitchen","Small Oversize","FBA","18.0x2.8x18.0",4.70,"2/2/2021"
"($) MASHOOPS End Table with Charging Station, Narrow End Table for Small Spaces Flip Top Storage, 3-Tier Shelf Drawer & Fabric Bag, Living Room & Bedroom, Brown","B09YGKLD5S","https://www.amazon.com/dp/B09YGKLD5S?psc=1","https://m.media-amazon.com/images/I/81EIxU6-lNL._AC_SY450_.jpg","MASHOOPS",89.99,74,"6,659.26","217,253","CN",33.31,1,4.5,129,7,6,"MASHOOPS","Home & Kitchen","Small Oversize","FBA","13.9x6.4x26.2",24.56,"4/21/2022"
"($) VASAGLE Side Table with Charging Station, Narrow End Table with 2 Drawers, Slim Nightstand and Bedside Table with Storage, for Small Spaces, Oak with Blue Grains and Black ULET321B60","B0BRXYYPDW","https://www.amazon.com/dp/B0BRXYYPDW?psc=1","https://m.media-amazon.com/images/I/81Rfcm5I5dL._AC_SX466_.jpg","VASAGLE",99.99,"n/a","n/a","55,676","US",39.01,1,4.6,3,8,0,"Songmics Direct","Home & Kitchen","Small Oversize","FBA","16.7x5.7x28.2",35.01,"5/18/2023"
"($) OKD Nightstand w/Charging Station, 18 Inch Farmhouse End Table w/Barn Door and Adjustable Storage Shelf, Rustic Wood Sofa Side Table w/Magnetic Door for Living Room, Bedroom, Light Rustic Oak","B098D3FSZT","https://www.amazon.com/dp/B098D3FSZT?psc=1","https://m.media-amazon.com/images/I/816oCEIJARL._AC_SX425_.jpg","OKD",119.99,626,"75,113.74","56,708","CN","n/a",1,4.4,361,6,43,"OKD-us","Home & Kitchen","n/a","MFN","n/a","n/a","7/1/2021"
"($) VECELO Modern Nightstand with Drawer Square End, Side Table for Bedroom, Living Room, Small Space, Night Stand with Open Shelf, Stable Metal Frame, 1 Pack, Black","B083B85191","https://www.amazon.com/dp/B083B85191?psc=1","https://m.media-amazon.com/images/I/61mG92mFyPL._AC_SX679_.jpg","VECELO",59.99,603,"36,173.97","64,621","AMZ",30.49,2,4.3,"1,035",8,53,"Amazon","Home & Kitchen","Small Oversize","AMZ","19.8x5.0x25.2",28.35,"n/a"
"CubiCubi C Shaped End Table, Side Table for Couch and Bed, Rustic Table Living Room Bedroom, Small Table with Metal Frames, Modern Design, White","B092HJRLC3","https://www.amazon.com/dp/B092HJRLC3?psc=1","https://m.media-amazon.com/images/I/615lMcPEj+L._AC_SX425_.jpg","CubiCubi",33.99,608,"20,665.92","39,577","CN",13.87,14,4.5,880,8,25,"EleTab","Home & Kitchen","Large Standard-Size","FBA","13.2x2.8x17.7",7.87,"4/14/2021"
"LUCKNOCK Nightstand, Mid-Century Modern Bedside Tables with Storage Shelf, Minimalist and Practical End Side Table, Fashion Bedroom Furnitur,Rustic Brown.","B0BK8F8KWQ","https://www.amazon.com/dp/B0BK8F8KWQ?psc=1","https://m.media-amazon.com/images/I/71tqW809hDL._AC_SX466_.jpg","LUCKNOCK",39.99,"1,013","40,509.87","29,623","CN",18.16,1,4.6,314,6,35,"LUCKNOCK","Home & Kitchen","Large Standard-Size","FBA","13.2x5.5x16.9",15.32,"10/24/2022"
"APEXCHASER Metal Side Table, 3-Tier Modern Style End Table with Storage Shelf, Side Table for Small Spaces, Fashionable Coffee Table for Living Room, Bedroom,Pink","B0BX9QJTWK","https://www.amazon.com/dp/B0BX9QJTWK?psc=1","https://m.media-amazon.com/images/I/71SVCJ15KuL._AC_SX466_.jpg","APEXCHASER",39.99,363,"14,516.37","49,681","CN",15.41,1,4.2,23,6,14,"TR Trading Store","Home & Kitchen","Large Standard-Size","FBA","12.6x7.3x17.2",7.94,"3/2/2023"
"danpinera 2 Tier Metal Side Table with Removable Tray, Folding End Table Outdoor Side Table Small Accent Table, Anti-Rust Green Nightstand for Bedroom Balcony Patio (Dark Green)","B09GKGWZP3","https://www.amazon.com/dp/B09GKGWZP3?psc=1","https://m.media-amazon.com/images/I/614WQjNZIaL._AC_SY355_.jpg","danpinera",49.99,734,"36,692.66","11,751","CN",20.59,1,4.4,607,8,23,"LongT HOME","Patio, Lawn & Garden","Small Oversize","FBA","18.0x3.3x21.3",8.10,"5/9/2021"
"($) End Table with Charging Station, 3-Tier Side Table with PD 20W USB C Port and Outlets, Nightstand for Small Space Bedside Table with Storage Shelf for Living Room Bedroom, Furniture Plug-In Series","B0BBKZFXP1","https://www.amazon.com/dp/B0BBKZFXP1?psc=1","https://m.media-amazon.com/images/I/61caTtyX+3L._AC_SY450_.jpg","HEZI",50.99,187,"9,535.13","156,146","CN",17.13,1,4.5,102,6,5,"HEZI HOME","Home & Kitchen","Large Standard-Size","FBA","13.0x4.0x16.8",9.92,"8/23/2022"
"($) Cyclysio End Table Set of 2 with Charging Station, 3 Tier Small Nightstand with Storage Shelf, Slim Side Table with USB Ports & Outlets, Modern Sofa Bedside Table for Bedroom, Living Room, Gray Oak","B0BCFGMXY8","https://www.amazon.com/dp/B0BCFGMXY8?psc=1","https://m.media-amazon.com/images/I/71US3cjw4LL._AC_SX355_.jpg","Cyclysio",76.49,367,"28,071.83","48,861","CN",25.95,1,4.3,238,7,29,"Cyclysio Direct","Home & Kitchen","Large Standard-Size","FBA","13.5x6.3x16.3",19.27,"10/13/2022"
"GIOPACO Small End Table with Charging Station and USB Ports, Small Side Table Nightstand with 2-Layer Storage Shelves for Small Spaces, Living Room, Bedroom, Rustic Brown (1)","B0BVYQ3H54","https://www.amazon.com/dp/B0BVYQ3H54?psc=1","https://m.media-amazon.com/images/I/61oIAfrPHUL._AC_SY450_.jpg","GIOPACO",34.99,495,"17,320.05","50,305","CN",14.34,1,4.5,29,9,13,"GIOPACO OFFICIAL","Home & Kitchen","Large Standard-Size","FBA","13.6x3.6x17.0",8.77,"2/16/2023"
"HAYOFAMY 3 Tier End Table Night Stand, Narrow Side Table with Display Shelf, Small Bookcase Bookshelf, Simple Bedside Table Storage Rack for Bedroom, Living Room, Office, Bathroom (White, 3 Tier)","B0BPPR7122","https://www.amazon.com/dp/B0BPPR7122?psc=1","https://m.media-amazon.com/images/I/61NfPhAu-dL._AC_SY450_.jpg","HAYOFAMY",27.68,504,"13,950.72","63,655","CN",12.44,1,3.6,27,8,6,"HAYOFAMY","Home & Kitchen","Large Standard-Size","FBA","9.8x16.3x3.5",6.33,"12/10/2022"
"Furinno Andrey End Table / Side Table / Night Stand / Bedside Table with Bin Drawer, Espresso/Brown","B004UME2PS","https://www.amazon.com/dp/B004UME2PS?psc=1","https://m.media-amazon.com/images/I/610cB5E0v1L._AC_SX466_.jpg","Furinno",16.30,"5,817","94,817.10","3,607","AMZ",17.22,11,4.1,"54,120",9,427,"Amazon","Home & Kitchen","Small Oversize","AMZ","17.4x3.2x19.9",12.05,"3/31/2011"
"WLIVE End Table, 2-Tier Small Side Table with Open Storage, Narrow Side Stand for Bedroom, Living Room, Couch, Modern End Stand with Sturdy Metal Frame, Sturdy Easy Assembly,Rustic Brown and Black","B0BCKF7NXF","https://www.amazon.com/dp/B0BCKF7NXF?psc=1","https://m.media-amazon.com/images/I/71M22fouH1L._AC_SX569_.jpg","WLIVE",25.99,"1,803","46,859.97","21,696","CN",12.83,1,4.4,114,8,19,"SYL-HOME","Home & Kitchen","Large Standard-Size","FBA","13.1x2.7x17.1",8.30,"8/31/2022"
"Amazon Basics Round Storage End Table, Side Table with Cloth Basket - Charcoal/Heather Gray, 19 x 18 x 18 Inches","B07TTTG49V","https://www.amazon.com/dp/B07TTTG49V?psc=1","https://m.media-amazon.com/images/I/81Z9Xn8xiqL._AC_SX679_.jpg","Amazon Basics",41.61,"n/a","n/a","1,681","AMZ",18.91,4,4.5,"8,520",6,0,"Amazon","Our Brands","Small Oversize","FBA","18.6x2.6x20.5",6.00,"n/a"
"HOOBRO Side Table with Charging Station, End Table with USB Ports and Outlet, Nightstand with 2-Layer Storage Shelves for Small Spaces, Living Room, Bedroom, Stable Frame, Rustic Brown BF09UBZ01","B0B9GXLK1P","https://www.amazon.com/dp/B0B9GXLK1P?psc=1","https://m.media-amazon.com/images/I/618WGX6c5rL._AC_SX466_.jpg","HOOBRO",29.99,"1,665","49,933.35","15,821","CN",13.27,5,4.4,126,9,23,"Hoobro","Home & Kitchen","Large Standard-Size","FBA","12.0x4.2x17.3",8.18,"8/12/2022"
"VASAGLE Round End Table with Lower Shelf, Nightstand for Small Spaces, Modern Farmhouse Style, 15.8”Dia. x 19.7”H (40 x 50 cm), Rustic Walnut","B0B18NB7ZF","https://www.amazon.com/dp/B0B18NB7ZF?psc=1","https://m.media-amazon.com/images/I/71CMKkWecRL._AC_SX425_.jpg","VASAGLE",39.99,293,"11,717.07","54,985","AMZ",19.93,3,4.5,94,8,15,"Amazon","Home & Kitchen","Small Oversize","AMZ","17.6x3.4x22.4",10.90,"n/a"
"AWASEN Side Table Round, Small Accent Table Nightstand Modern End Table for Living Room Bedroom Office Small Spaces, 16''D x 19.5''H(Natural Walnut)","B09FJ9KWXF","https://www.amazon.com/dp/B09FJ9KWXF?psc=1","https://m.media-amazon.com/images/I/51JB3dKZ2BL._AC_SY450_.jpg","AWASEN",38.99,"1,266","49,361.34","21,397","CN",18.10,1,4.6,907,7,64,"Awasen Direct","Home & Kitchen","Small Oversize","FBA","17.5x3.0x18.0",5.93,"9/6/2021"
"AWASEN Side Table, Small End Accent Table for Living Room Bedroom Office Small Spaces, Modern White Side Table Nightstand with Solid Wood, Easy Assembly, (White)","B0BYMWHZJC","https://www.amazon.com/dp/B0BYMWHZJC?psc=1","https://m.media-amazon.com/images/I/51ihJ0cmhsL._AC_SX425_.jpg","AWASEN",25.99,"n/a","n/a","103,020","CN",12.03,1,4.6,57,6,5,"Awasen Direct","Home & Kitchen","Large Standard-Size","FBA","13.7x2.8x17.0",5.89,"3/16/2023"
"WLIVE Side Table, Small End Table, Adjustable 3-Tier Bedside Table with Sturdy Metal Frame, Tall Nightstand for Bedroom, Living Room, Sofa Table for Small Space, Black","B0B8YQKZTZ","https://www.amazon.com/dp/B0B8YQKZTZ?psc=1","https://m.media-amazon.com/images/I/71MimR-GPoL._AC_SX522_.jpg","WLIVE",25.99,849,"22,065.51","43,024","CN",14.46,1,4.5,112,9,16,"WLIVE","Home & Kitchen","Large Standard-Size","FBA","13.2x3.3x17.8",10.36,"8/5/2022"
"Tribesigns Wood End Table, 2-Drawer Narrow Solid Side Table Slim Chair Side Table, No Assembly Required, Finished Back, Walnut","B0BNVDY12F","https://www.amazon.com/dp/B0BNVDY12F?psc=1","https://m.media-amazon.com/images/I/71bxNFV1zzL._AC_SX569_.jpg","Tribesigns",239.99,64,"15,359.36","511,035","CN",55.91,1,5.0,5,6,1,"XDYZ US","Home & Kitchen","Small Oversize","MFN","32.0x15.0x7.1",30.00,"12/2/2022"
"Monarch Specialties , Nesting Table, Chrome Metal, Glossy White, Table Set, 2 pcs","B008V6R8UA","https://www.amazon.com/dp/B008V6R8UA?psc=1","https://m.media-amazon.com/images/I/41f54v0o8YL._AC_SY450_.jpg","Monarch Specialties",164.71,20,"3,294.20","624,014","AMZ",46.62,11,4.7,734,4,0,"Amazon","Home & Kitchen","Small Oversize","AMZ","22.0x7.0x23.5",30.01,"8/8/2012"
"Winsome Eugene Table, White","B0046EC0HW","https://www.amazon.com/dp/B0046EC0HW?psc=1","https://m.media-amazon.com/images/I/61JveBx0KBL._AC_SX569_.jpg","Winsome",41.21,"2,923","120,456.83","5,308","AMZ",23.89,18,4.1,"24,330",11,76,"Amazon","Home & Kitchen","Small Oversize","AMZ","17.9x4.3x26.6",19.35,"10/2/2003"
"MENYCNJ C Shaped Table for safa Small C Side Table for Living Room and Small Spaces- Easy Assembly, C Shaped Round End Table for Couch and Bed, Night Stand for Bedroom, Wood/Black","B0BZZTL5RS","https://www.amazon.com/dp/B0BZZTL5RS?psc=1","https://m.media-amazon.com/images/I/51OodfZCsnL._AC_SY355_.jpg","MENYCNJ",55.99,"n/a","n/a","55,612","CN",22.90,1,2.0,4,6,2,"HengTuo Int'l Trade","Home & Kitchen","Small Oversize","FBA","13.4x4.0x24.5",5.25,"3/30/2023"
"Convenience Concepts Oxford End Table with Shelves, Gray","B01LZFJ957","https://www.amazon.com/dp/B01LZFJ957?psc=1","https://m.media-amazon.com/images/I/61+Menv-2dL._AC_SX679_.jpg","Convenience Concepts",36.54,699,"25,541.46","18,976","AMZ",24.03,20,4.6,"6,846",14,27,"Amazon","Home & Kitchen","Small Oversize","AMZ","19.5x5.9x26.0",19.23,"9/11/2016"
"Frenchi Furniture Magazine Table Finish: White","B006T3R5HI","https://www.amazon.com/dp/B006T3R5HI?psc=1","https://m.media-amazon.com/images/I/41iT+49l1FL._AC_SY355_.jpg","Frenchi Furniture",14.82,176,"2,608.32","40,753","AMZ",18.67,9,4.6,"1,467",1,3,"Amazon","Home & Kitchen","Small Oversize","AMZ","18.0x5.2x25.2",10.80,"1/3/2012"
"Grey Nightstand with Charging Station Bedroom End Tables with USB Ports and Outlets 3 Tier Bed Side Table with Storage Shelves Farmhouse Night Stand Table with Power Charging for Living Room Study","B0BFJC3NCJ","https://www.amazon.com/dp/B0BFJC3NCJ?psc=1","https://m.media-amazon.com/images/I/61e5KuACP7L._AC_SY450_.jpg","NORCEESAN",39.99,637,"25,473.63","37,696","CN",15.89,1,4.5,171,7,42,"NORCEESAN DIRECT","Home & Kitchen","Large Standard-Size","MFN","13.7x6.2x17.6",11.33,"9/16/2022"
"Fixwal Side Table 2-Tier Tall End Table with Storage Rack Wooden Nightstand White Bedside Table for Living Room Bedroom Office No-Tool Assembly","B0BY12CDQ2","https://www.amazon.com/dp/B0BY12CDQ2?psc=1","https://m.media-amazon.com/images/I/61SL4G7MxsL._AC_SY450_.jpg","Fixwal",21.99,"n/a","n/a","165,534","CN",11.91,1,4.6,9,7,0,"Momok","Home & Kitchen","Large Standard-Size","FBA","13.1x3.0x16.9",7.45,"3/10/2023"
"Furinno Simplistic Set of 2 End Table, French Oak Grey/Grey","B00OR1KO22","https://www.amazon.com/dp/B00OR1KO22?psc=1","https://m.media-amazon.com/images/I/51FAiTCFaHL._AC_SX466_.jpg","Furinno",26.41,"7,889","208,348.49","1,209","AMZ",20.14,8,4.3,"40,235",7,208,"Amazon","Home & Kitchen","Small Oversize","AMZ","17.0x3.5x21.0",13.15,"10/22/2014"
"HOOBRO Nightstands Set of 2, 3-Tier Side Table with Adjustable Shelf, Industrial End Table for Small Space in Living Room, Bedroom and Balcony, Stable Metal Frame, Rustic Brown BF12BZ01","B097R1TXD1","https://www.amazon.com/dp/B097R1TXD1?psc=1","https://m.media-amazon.com/images/I/71qfcWSFpKL._AC_SX425_.jpg","HOOBRO",49.99,389,"19,446.11","134,392","CN",17.94,3,4.5,671,10,115,"Hoobro","Home & Kitchen","Large Standard-Size","FBA","12.2x6.3x16.1",16.58,"6/23/2021"
"HOOBRO End Table, Small Side Table, Nightstand with 2-Layer Storage Shelves, Sofa Table for Small Spaces, Living Room, Bedroom, Stable Frame, Easy Assembly, Rustic Brown BF09BZ01","B09MTGKK9R","https://www.amazon.com/dp/B09MTGKK9R?psc=1","https://m.media-amazon.com/images/I/711-JsvqqkL._AC_SX466_.jpg","HOOBRO",23.99,825,"19,791.75","43,366","CN",12.21,5,4.5,499,8,23,"Hoobro","Home & Kitchen","Large Standard-Size","FBA","11.9x3.1x17.1",7.10,"n/a"
"LDTTCUK Side Table with Charging Station, End Table with Power Outlet & USB Ports, Nightstand with 2 Tiers Storage Space and Storage Cabinet, Sofa Side Tables for Bedroom, Living Room,Office,Black","B0BN67TVVP","https://www.amazon.com/dp/B0BN67TVVP?psc=1","https://m.media-amazon.com/images/I/71arUJLqusL._AC_SY450_.jpg","LDTTCUK",79.99,683,"54,633.17","34,320","CN",23.49,1,4.3,202,7,26,"yiboshangmao123","Home & Kitchen","Large Standard-Size","FBA","13.5x6.7x16.9",16.16,"11/23/2022"
"LEMONDA 3 Legs Round End Table, 2 Tier Round Side Table with Storage Basket,11.8*17.8inches Round Metal Sofa Side Table,Small Round Nightstand,Small Coffee Table for Living Room Bedroom/Rustic Brown","B0BWRT9XP6","https://www.amazon.com/dp/B0BWRT9XP6?psc=1","https://m.media-amazon.com/images/I/61Js8vd9+8L._AC_SX466_.jpg","LEMONDA",29.99,555,"16,644.45","78,169","CN",12.63,1,4.4,45,9,11,"Lemonda-US","Home & Kitchen","Large Standard-Size","FBA","13.0x2.7x13.1",5.73,"2/24/2023"
"C Shaped Side Table, C Shaped End Table for Sofa Couch and Bed, Portable Laptop Table, Coffee Snack Table, Sofa Side Table, Wood Look Accent Table, Space Saving in Living Room, Black","B0BLSDH26S","https://www.amazon.com/dp/B0BLSDH26S?psc=1","https://m.media-amazon.com/images/I/61akHBRPuxL._AC_SX679_.jpg","Tuenort",29.99,66,"1,979.34","221,169","CN",12.79,1,4.0,3,8,-50,"Tuenort Direct","Home & Kitchen","Large Standard-Size","FBA","13.3x4.0x16.6",6.50,"11/8/2022"
"Apicizon Round Side Table, White Tray Nightstand Coffee End Table for Living Room, Bedroom, Small Spaces, Easy Assembly Bedside Table, 15 x 18 Inches","B08PD1LNFV","https://www.amazon.com/dp/B08PD1LNFV?psc=1","https://m.media-amazon.com/images/I/81U6IM+GAnL._AC_SX425_.jpg","Apicizon",33.99,806,"27,395.94","32,741","CN",16.93,1,4.5,"1,041",8,21,"APICIZON","Home & Kitchen","Small Oversize","FBA","15.5x3.0x15.5",3.95,"2/26/2021"
"MAHANCRIS End Table, 2-Tier Beside Table with Mesh Shelf, Sofa Side Table with Tempered Glass Top, TV Tray Table for Small Space, Snack Side Table, Nightstand for Bedroom, Living Room, Gold ETJ24B01","B0BQBP6LHT","https://www.amazon.com/dp/B0BQBP6LHT?psc=1","https://m.media-amazon.com/images/I/71FFZIIg0mL._AC_SX569_.jpg","MAHANCRIS",36.99,136,"5,030.64","92,763","CN",14.00,1,4.5,9,9,4,"ALLOSWELL","Home & Kitchen","Large Standard-Size","FBA","13.1x3.7x17.2",6.92,"3/27/2023"
"Somdot Nightstand, Bedside Table End Table for Bedroom Nursery Living Room - Removable Fabric Drawer, Open Storage Shelf, Sturdy Steel Frame, Durable Wood Top - Black/Rustic Brown","B09NM5X7SX","https://www.amazon.com/dp/B09NM5X7SX?psc=1","https://m.media-amazon.com/images/I/71sB1VtWzwL._AC_SX679_.jpg","Somdot",28.99,"1,530","44,354.70","24,551","US",13.44,22,4.2,971,7,52,"SOMDOT Home and Beyond","Home & Kitchen","Large Standard-Size","FBA","12.4x3.5x16.5",8.73,"1/1/2022"
"HILINSIE Rattan Nightstand - Accent End Table with Storage Shelf and Drawer, Wooden Bedside Tables with Metal Frame, Modern Side Table for Bedroom, Living Room, Natural Walnut and Yellow","B0BWN6Y3YT","https://www.amazon.com/dp/B0BWN6Y3YT?psc=1","https://m.media-amazon.com/images/I/81pxzOvaHkL._AC_SX466_.jpg","HILINSIE",49.99,"n/a","n/a","231,812","CN",19.95,1,1.0,1,8,0,"Hilinsie","Home & Kitchen","Large Standard-Size","FBA","13.5x6.2x16.9",18.01,"2/23/2023"
"Rerii End Table, Side Table 3 Tier, Simple Bedside Nightstand, 2 Shelf Small Bookshelf Bookcase, Display Rack for Bathroom, Bedroom and Living Room, White","B07D321981","https://www.amazon.com/dp/B07D321981?psc=1","https://m.media-amazon.com/images/I/61YbTDp082L._AC_SY355_.jpg","Rerii",28.99,"1,187","34,411.13","22,892","CN",12.80,8,4.1,"4,122",8,45,"Rerii","Home & Kitchen","Large Standard-Size","FBA","10.1x5.0x16.5",6.65,"5/15/2018"
"WLIVE Nightstand, End Table with Fabric Storage Drawer and Open Wood Shelf, Bedside Furniture with Steel Frame, Side Table for Bedroom, Dorm, Easy Assembly, Black and Rustic Brown","B099WCSZTJ","https://www.amazon.com/dp/B099WCSZTJ?psc=1","https://m.media-amazon.com/images/I/81yu9W9G3HL._AC_SX425_.jpg","WLIVE",29.99,"4,413","132,345.87","9,538","CN",18.43,7,4.4,"2,922",9,158,"WLIVE","Home & Kitchen","Small Oversize","FBA","16.5x2.5x22.1",11.00,"7/20/2021"
"VASAGLE Side Table with Charging Station, End Table with USB Ports and Outlets, Nightstand for Living Room, Bedroom, Plug-in Series, Rustic Brown and Black ULET371B01","B09VXGLJMB","https://www.amazon.com/dp/B09VXGLJMB?psc=1","https://m.media-amazon.com/images/I/71j5v0u9zdL._AC_SY450_.jpg","VASAGLE",34.99,"1,270","44,437.30","37,473","US",9.41,6,4.4,874,9,81,"Songmics Direct","Home & Kitchen","Large Standard-Size","FBA","13.0x4.4x17.4",9.70,"3/18/2022"
"VECELO Tall End Side Tables,30"" Height Nightstand with 3-Tier Storage Shelf for Bedroom Living Room, Easy Assembly,Industrial Style, 1-Pack, Retro Brown","B0978XC2KD","https://www.amazon.com/dp/B0978XC2KD?psc=1","https://m.media-amazon.com/images/I/51txVzvbC5L._AC_SX425_.jpg","VECELO",54.58,451,"24,615.58","63,193","AMZ",25.48,2,4.7,177,10,11,"Amazon","Home & Kitchen","Small Oversize","AMZ","15.0x32.3x4.7",18.26,"4/22/2021"
"($) FEZIBO Standing Desk with Double Drawer, 48x 24 Inches Adjustable Height Electric Stand up Desk, Ergonomic Workstation Black Frame/Fir Brown Top","B091YLQ6ZG","https://www.amazon.com/dp/B091YLQ6ZG?psc=1","https://m.media-amazon.com/images/I/71fjdF9nraL._AC_SX679_.jpg","FEZIBO",269.99,389,"105,026.11","78,304","CN",51.39,2,4.4,555,9,12,"Tyhoe","Home & Kitchen","Medium Oversize","FBA","14.0x7.5x53.0",78.01,"4/7/2021"
"($) ABQ Nightstand with Charging Station, Narrow Side Table with Drawer and USB Ports & Power Outlets, End Table 3- Tier for Small Spaces, Living Room, Bedroom","B09PD2ZR3S","https://www.amazon.com/dp/B09PD2ZR3S?psc=1","https://m.media-amazon.com/images/I/715jt5xgcPL._AC_SX522_.jpg","ABQ",59.99,37,"2,219.63","278,384","CN",20.32,1,4.6,169,7,2,"Meilin's Shop","Home & Kitchen","Large Standard-Size","FBA","13.1x6.2x17.5",15.41,"12/29/2021"
"($) Philodwell Narrow End Table,Industrial Side Table with Magazine Holder,21.7inch H Shape Vintage Bedside Table with Storage Holder for Living Room,Bedroom & Small Spaces,Rustic Brown&Black Metal Frame","B09C1TW9X3","https://www.amazon.com/dp/B09C1TW9X3?psc=1","https://m.media-amazon.com/images/I/61LuE4lINXL._AC_SX466_.jpg","Philodwell",42.98,40,"1,719.20","304,315","CN",18.70,1,4.4,329,7,4,"YaMa home","Home & Kitchen","Small Oversize","FBA","8.3x3.4x21.8",6.65,"10/4/2021"
"($) HOSEOKA Narrow End Table with Charging Station Farmhouse End Table with USB Ports and Outlets for Small Space, Slim Sofa Side Table with Storage Drawer for Living Room Bedroom, Rustic Grey","B09LLFBRYL","https://www.amazon.com/dp/B09LLFBRYL?psc=1","https://m.media-amazon.com/images/I/61uQBqbvkOL._AC_SX355_.jpg","HOSEOKA",89.99,231,"20,787.69","136,289","CN",33.72,1,4.4,619,6,24,"HOSEOKA","Home & Kitchen","Small Oversize","FBA","14.5x5.0x27.8",25.51,"11/12/2021"
"Fixwal Side Table Small End Table Accent Table Living Room Bedroom Balcony Office, Modern White Side Table Bedside Table Home Decor No-Tool Assembly","B0BY1J4N7V","https://www.amazon.com/dp/B0BY1J4N7V?psc=1","https://m.media-amazon.com/images/I/61JSAesNGKL._AC_SX569_.jpg","Fixwal",21.99,"n/a","n/a","303,048","CN",11.43,1,4.5,15,7,0,"Momok","Home & Kitchen","Large Standard-Size","FBA","13.2x2.9x16.9",5.58,"3/10/2023"
"Lerliuo Rattan Nightstand, Boho Side Table with Drawer Open Shelf, Cane Accent Bedside End Table with Solid Wood Legs for Bedroom, Dorm and Small Spaces","B0BRQBVKBB","https://www.amazon.com/dp/B0BRQBVKBB?psc=1","https://m.media-amazon.com/images/I/71jNXilwdaL._AC_SY450_.jpg","Lerliuo",64.99,515,"33,469.85","56,242","CN",20.92,1,4.3,41,8,19,"Lerliuo Direct","Home & Kitchen","Large Standard-Size","FBA","13.5x5.6x17.8",15.17,"1/5/2023"
"Pipishell Bamboo Stackable End Tables, Wood Living Room Nightstand, Bedside Tables for Bedroom Storage, Set of 2","B07WG51N84","https://www.amazon.com/dp/B07WG51N84?psc=1","https://m.media-amazon.com/images/I/6112nVKkcPL._AC_SY355_.jpg","Pipishell",52.76,759,"40,044.84","32,332","CN",20.39,6,4.2,"2,168",8,34,"Lifecare Supplies","Home & Kitchen","Large Standard-Size","FBA","12.7x6.0x17.8",16.23,"8/16/2019"
"MaxSmeo Nightstand, Mid Century Modern Side Table Bedroom with Storage, Small End Bedside Table with Solid Wood Legs for Living Room, Office Small Spaces (Brown)","B0BPY3Y8HV","https://www.amazon.com/dp/B0BPY3Y8HV?psc=1","https://m.media-amazon.com/images/I/61PfD1fUVKL._AC_SY450_.jpg","MaxSmeo",39.99,"n/a","n/a","83,768","CN",15.57,1,4.5,79,7,57,"Sme Direct","Home & Kitchen","Large Standard-Size","FBA","13.9x4.3x17.2",10.25,"12/13/2022"
"LDTTCUK Side Table with Charging Station & USB Ports,3-Tier End Table for Living Room,Study,Bedroom,Narrow Sofa Table Bedside Table with Storage Shelf,Small Nightstand,Rustic Brown","B0B6HW1H2G","https://www.amazon.com/dp/B0B6HW1H2G?psc=1","https://m.media-amazon.com/images/I/71fdTJOUuyL._AC_SY355_.jpg","LDTTCUK",49.99,653,"32,643.47","44,776","CN",17.71,1,4.6,276,8,25,"yiboshangmao123","Home & Kitchen","Large Standard-Size","FBA","13.2x5.3x17.5",12.24,"7/14/2022"
"Convenience Concepts American Heritage Flip Top End Table with Shelf, Walnut","B074T4VYJ7","https://www.amazon.com/dp/B074T4VYJ7?psc=1","https://m.media-amazon.com/images/I/61RNhgYH1lL._AC_SX679_.jpg","Convenience Concepts",44.09,200,"8,818.00","56,920","AMZ",23.90,12,4.5,"2,636",5,9,"Amazon","Home & Kitchen","Small Oversize","AMZ","14.3x6.6x27.3",17.05,"8/14/2017"
"($) YEMUNY End Table Set of 2, 3-Tier Night Stands Small Side Table with Storage Shelf for Living Room Bedroom Bathroom Office","B0BY4LLRFP","https://www.amazon.com/dp/B0BY4LLRFP?psc=1","https://m.media-amazon.com/images/I/71Y5qtDG2kL._AC_SX569_.jpg","YEMUNY",44.88,"n/a","n/a","571,191","CN",17.26,1,3.9,8,8,7,"YEMUNY","Home & Kitchen","Large Standard-Size","FBA","9.8x7.0x16.6",13.36,"3/11/2023"
"($) HOMCOM Modern Style Nightstand, Side Table, End Table with Drawer and Storage Shelf for Bedroom, or Living Room, Gray","B0939MWDW1","https://www.amazon.com/dp/B0939MWDW1?psc=1","https://m.media-amazon.com/images/I/61iJe8wajPL._AC_SX466_.jpg","HOMCOM",66.99,1,66.99,"1,454,841","US",31.12,1,4.1,52,9,0,"Aosom Direct","Home & Kitchen","Small Oversize","MFN","16.5x27.3x7.8",27.28,"4/23/2021"
"($) HOOBRO Side Table with Charging Station, Narrow Nightstand with Drawer & USB Ports & Power Outlets, End Table for Small Spaces, Living Room, Bedroom, Wood Look Accent Table, Greige and Black BG041BZ01","B09KZNDZZM","https://www.amazon.com/dp/B09KZNDZZM?psc=1","https://m.media-amazon.com/images/I/71FPTeiDBJL._AC_SY355_.jpg","HOOBRO",69.99,393,"27,506.07","70,490","CN",28.63,3,4.5,693,8,15,"Hoobro","Home & Kitchen","Small Oversize","FBA","14.0x5.0x24.0",20.40,"1/4/2023"
"($) Nightstands Set of 2, Industrial End Table with Fabric Drawer and Storage Shelf, Retro Bedside Tables Organizer, Side Table for Living Room Bedroom, Rustic Brown Wooden Look and Black Metal Frame","B0BCJ8MVD7","https://www.amazon.com/dp/B0BCJ8MVD7?psc=1","https://m.media-amazon.com/images/I/711RF4FkbgL._AC_SY355_.jpg","Furologee",59.99,941,"56,450.59","32,267","CN",21.45,1,4.3,141,9,29,"Engriy Store","Home & Kitchen","Large Standard-Size","FBA","13.3x5.4x17.6",19.27,"9/10/2022"
"GREENSTELL End Table with Charging Station, Round Side Table with Storage Shelf, USB Ports and Anti-Drop Fence, 2-Tier Small Nightstand Sofa Table for Living Room, Bedroom White 15.0*15.0*20.4inches","B09NY82QYK","https://www.amazon.com/dp/B09NY82QYK?psc=1","https://m.media-amazon.com/images/I/61TAM0qpa4L._AC_SX466_.jpg","GREENSTELL",49.99,598,"29,894.02","58,133","CN",21.43,2,4.6,914,6,49,"Greenstell Direct","Home & Kitchen","Small Oversize","FBA","16.5x5.5x16.8",8.30,"3/4/2022"
"exilot Nightstand Mid-Century Modern Bedside Table with Solid Wood Legs Minimalist and Practical End Side Table, White","B08S3G8TC2","https://www.amazon.com/dp/B08S3G8TC2?psc=1","https://m.media-amazon.com/images/I/71QJ1rGvOGL._AC_SX569_.jpg","exilot",36.99,366,"13,538.34","91,987","CN",16.27,1,4.4,"1,140",7,17,"BULLKIN","Home & Kitchen","Large Standard-Size","FBA","13.2x4.7x17.0",10.63,"1/5/2021"
"Bamworld Rattan Side Table, Boho Night Stand Glass Small End Tables Bamboo Bedroom Coffee Table with Storage for Living Room and Outdoor","B0B81QCN5V","https://www.amazon.com/dp/B0B81QCN5V?psc=1","https://m.media-amazon.com/images/I/81+k2oyqM0L._AC_SY450_.jpg","Bamworld",69.99,626,"43,813.74","39,268","CN",25.27,3,4.6,98,6,6,"meeeu shop","Home & Kitchen","Small Oversize","FBA","16.8x4.2x25.2",12.70,"7/29/2022"
"danpinera Round Side Table with Fabric Storage Basket, Metal Side Table Small Bedside Table Nightstand with Removable Tray Top for Living Room, Bedroom, Nursery, Laundry, Gray","B09RDSXFVF","https://www.amazon.com/dp/B09RDSXFVF?psc=1","https://m.media-amazon.com/images/I/71nSQ-bYp9L._AC_SX569_.jpg","danpinera",40.99,"1,376","56,402.24","61,214","CN",20.23,1,4.4,837,6,31,"Huding Tech","Home & Kitchen","Small Oversize","FBA","19.0x2.0x21.5",8.70,"5/21/2022"
"($) YITAHOME X-Design Side End Table Set of 2, Industrial End Table for Small Spaces, Farmhouse Nightstand Sofa Bed Table with Storage Shelf for Bedroom Living Room, Easy Assembly, Black","B09HPVFNRL","https://www.amazon.com/dp/B09HPVFNRL?psc=1","https://m.media-amazon.com/images/I/71KnoxIz9wL._AC_SX522_.jpg","YITAHOME",60.65,72,"4,366.80","377,357","AMZ",30.17,4,4.5,102,7,3,"Amazon","Home & Kitchen","Small Oversize","FBA","14.0x8.2x24.5",27.90,"10/3/2021"
"($) DOMYDEVM Nightstand with Charging Station for Bedroom Living Room Side Table with USB Ports and Outlets Modern Grey Bedside Table with Charging Station and Storage Flip Drawer for Small Spaces","B0BFJFJMCQ","https://www.amazon.com/dp/B0BFJFJMCQ?psc=1","https://m.media-amazon.com/images/I/71PuUwHrTjL._AC_SX466_.jpg","DOMYDEVM",47.99,612,"29,369.88","50,781","CN",18.69,1,4.3,93,7,12,"DOMYDEVM HOME","Home & Kitchen","Large Standard-Size","MFN","13.4x5.8x17.6",16.34,"9/16/2022"
"($) VASAGLE Side Table, Small End Table, Tall Nightstand for Living Room, Bedroom, Office, Bathroom, Rustic Brown and Black ULET273B01","B08JV2MTWZ","https://www.amazon.com/dp/B08JV2MTWZ?psc=1","https://m.media-amazon.com/images/I/71+auQYNfzS._AC_SX679_.jpg","VASAGLE",39.99,"2,997","119,850.03","12,100","US",16.21,15,4.6,"2,675",8,66,"Songmics Direct","Home & Kitchen","Large Standard-Size","FBA","13.6x5.9x17.0",12.41,"3/17/2021"
"($) Fogein Black Nightstands Set of 2-2 Tier Narrow Bedside Tables End Side Tables with Storage Shelf for Living Room, Sofa Couch, Bedroom","B0BXP59JPG","https://www.amazon.com/dp/B0BXP59JPG?psc=1","https://m.media-amazon.com/images/I/61SAh3baQmL._AC_SX569_.jpg","Fogein",45.99,35,"1,609.65","650,476","CN",18.07,1,"n/a",0,8,0,"EGU-KING","Home & Kitchen","Large Standard-Size","FBA","13.4x6.3x17.1",15.04,"3/7/2023"
"Decor Therapy Simplify End Table with Shelf, Espresso","B00JSRCKYK","https://www.amazon.com/dp/B00JSRCKYK?psc=1","https://m.media-amazon.com/images/I/81sedRe+t9S._AC_SX466_.jpg","Decor Therapy",75.10,462,"34,696.20","83,080","AMZ",31.08,1,4.7,"2,898",7,6,"Amazon","Home & Kitchen","Small Oversize","AMZ","19.0x8.0x22.0",17.15,"4/19/2014"
"WLIVE Side Table, C Shaped End Table for Couch, Sofa and Bed, Large Desktop C Table for Living Room, Bedroom, Black","B07D6N8T6Y","https://www.amazon.com/dp/B07D6N8T6Y?psc=1","https://m.media-amazon.com/images/I/61EprA9D3tL._AC_SX425_.jpg","WLIVE",31.99,"4,142","132,502.58","6,272","CN",18.73,1,4.6,"11,354",9,103,"WLIVE","Home & Kitchen","Small Oversize","FBA","12.8x4.0x24.2",10.50,"5/21/2018"
"Nightstand with Drawers Bedside Table End Table for Small Space Side Table Night Stand with Wood Open Storage Shelf, Rustic Side Table for Bedroom, Living Room, Study, Office, Pantry","B0B316P76F","https://www.amazon.com/dp/B0B316P76F?psc=1","https://m.media-amazon.com/images/I/71-ic2TU3WL._AC_SX679_.jpg","Pabroni",39.99,396,"15,836.04","73,545","CN",15.41,1,4.3,109,7,14,"Pabroni","Home & Kitchen","Large Standard-Size","FBA","13.4x5.5x17.1",9.72,"6/2/2022"
"HAYOFAMY Small Side Table Night Stand, 3 Tier Narrow End Table with Display Shelf, Small Bookcase Bookshelf, Simple Bedside Table Storage Rack for Bedroom, Living Room, Office, Bathroom,White","B0BXH4KSGR","https://www.amazon.com/dp/B0BXH4KSGR?psc=1","https://m.media-amazon.com/images/I/61OEDdiqpZL._AC_SY450_.jpg","HAYOFAMY",27.88,189,"5,269.32","93,406","CN",12.47,1,3.7,8,7,4,"HAYOFAMY","Home & Kitchen","Large Standard-Size","FBA","10.2x3.7x16.8",6.39,"3/4/2023"
"LELELINKY White Nightstand with Charging Station and USB Ports, 2 Tier Night Stand with Drawers Open Storage Shelf, Modern Narrow Sofa Side Tables, Small Wood End Table for Bedroom,Living Room","B0C2CTGJS7","https://www.amazon.com/dp/B0C2CTGJS7?psc=1","https://m.media-amazon.com/images/I/71nIeZ0BIiL._AC_SY355_.jpg","LELELINKY",39.99,"n/a","n/a","50,178","CN",16.21,1,4.4,101,7,1,"Lelelinky Direct","Home & Kitchen","Large Standard-Size","FBA","13.5x4.9x17.6",12.17,"4/13/2023"
"HOOBRO Round Side Table, Round Accent End Table with Sturdy X-Shaped Metal Frame, 15.7"" Round Nightstand, for Living Room, Bedroom, Balcony, Office Rustic Brown BF95BZ01","B09X39XJQJ","https://www.amazon.com/dp/B09X39XJQJ?psc=1","https://m.media-amazon.com/images/I/61Yb+NUvviL._AC_SY450_.jpg","HOOBRO",33.99,460,"15,635.40","40,545","CN",17.77,4,4.6,107,9,43,"Hoobro","Home & Kitchen","Small Oversize","FBA","17.4x2.1x17.9",7.20,"8/2/2022"
"Yoobure Nightstand with Charging Station, Side Table End Table with Large Drawer and Storage Shelf, Bed Side Table/Night Stand with USB Ports & Outlets, Rustic Bedside Tables for Bedroom, Living Room","B0BR4625GC","https://www.amazon.com/dp/B0BR4625GC?psc=1","https://m.media-amazon.com/images/I/71kkXGeTXGL._AC_SY450_.jpg","Yoobure",49.99,302,"15,096.98","49,792","CN",19.14,2,4.8,99,8,42,"Fancee Home","Home & Kitchen","Large Standard-Size","FBA","13.5x5.6x17.6",16.78,"3/20/2023"
"FANTERSI Small Round Side Table, 2-Tier Mid Century Modern Side Table, Wood Side Table, Round End Table for Living Room, Metal Frames, Brown","B0BWYTNKMR","https://www.amazon.com/dp/B0BWYTNKMR?psc=1","https://m.media-amazon.com/images/I/71F+T53Ph5L._AC_SX466_.jpg","FANTERSI",79.99,"n/a","n/a","144,737","CN",27.61,1,"n/a",0,9,0,"FANTERSI","Home & Kitchen","Small Oversize","FBA","17.9x6.0x19.1",9.68,"3/4/2023"
"AMHANCIBLE C Shaped End Table Set of 2, Side Tables for Sofa, Couch Table Snack Side Table for Living Room Bedroom, Metal Frame, Acent, Rustic Brown HET02CBR","B09FXZTLX2","https://www.amazon.com/dp/B09FXZTLX2?psc=1","https://m.media-amazon.com/images/I/61dcs4Q+m0L._AC_SY355_.jpg","AMHANCIBLE",55.99,"1,459","81,689.41","11,501","CN",19.09,6,4.5,752,7,33,"Amhancible","Home & Kitchen","Large Standard-Size","FBA","12.9x6.5x16.7",13.93,"12/6/2021"
"IBUYKE Side Table, 3-Tier End Table, Industrial Nightstand Small Table with Storage Shelf, for Bedroom, Living Room, Hallway, Black UTMJ402B","B09VMYQGCY","https://www.amazon.com/dp/B09VMYQGCY?psc=1","https://m.media-amazon.com/images/I/61ngI-U0bdL._AC_SX522_.jpg","IBUYKE",29.99,462,"13,855.38","73,855","CN",13.91,1,4.6,267,9,19,"IBUYKE-US","Home & Kitchen","Large Standard-Size","FBA","12.9x4.6x17.2",9.96,"3/16/2022"
"International Concepts Table With Lift Up Top For Storage, White","B07HNZ2Q8H","https://www.amazon.com/dp/B07HNZ2Q8H?psc=1","https://m.media-amazon.com/images/I/31qgLZf3RiL._AC_SY450_.jpg","IC International Concepts",202.68,4,810.72,"423,452","AMZ",57.22,7,4.5,158,10,0,"Amazon","Home & Kitchen","Small Oversize","AMZ","27.0x36.0x6.0",39.60,"9/26/2018"
"WLIVE Nightstand, 2 Drawer Dresser for Bedroom, Small Dresser with 2 Drawers, Bedside Furniture, Night Stand, End Table with Fabric Bins for Bedroom, Closet, Entryway, Nursery, College Dorm, Dark Grey","B07FQ976B5","https://www.amazon.com/dp/B07FQ976B5?psc=1","https://m.media-amazon.com/images/I/81+TPpTJRJL._AC_SY355_.jpg","WLIVE",29.99,"16,216","486,317.84","1,454","CN",18.01,1,4.4,"11,870",7,400,"WLIVE","Home & Kitchen","Small Oversize","FBA","13.0x3.0x22.6",9.65,"7/19/2018"
"Yoobure C Shaped End Table Set of 2, Side Table for Couch and Bed, Small Side Table for Small Spaces, Living Room, Bedroom, Rustic Snack Table","B0BFDLNF8H","https://www.amazon.com/dp/B0BFDLNF8H?psc=1","https://m.media-amazon.com/images/I/61vDxNBiDpL._AC_SX466_.jpg","Yoobure",42.49,761,"32,334.89","26,076","HK",17.54,1,4.6,313,7,44,"Super A Plus","Home & Kitchen","Large Standard-Size","FBA","12.0x4.8x17.4",15.19,"11/8/2022"
"SUPER DEAL 3-Tier End Table with Storage Shelves Versatile X-Design Sofa Side Table for Living Room Bedroom Apartment Small Space, Black","B087PJY131","https://www.amazon.com/dp/B087PJY131?psc=1","https://m.media-amazon.com/images/I/71mvn+gN5PL._AC_SX569_.jpg","SUPER DEAL",32.99,234,"7,719.66","147,967","CN",17.23,1,4.6,704,8,6,"SuperDealUsa","Home & Kitchen","n/a","MFN","n/a","n/a","4/26/2020"
"Apicizon 16"" Round Side Table, Black End Table for Living Room, Bedside, Mid Century Modern Coffee Table or Circle Accent Table for Small Spaces, Metal Nightstand (Black)","B08RS4JCJH","https://www.amazon.com/dp/B08RS4JCJH?psc=1","https://m.media-amazon.com/images/I/71F3XvGXqVL._AC_SX679_.jpg","Apicizon",32.99,264,"8,709.36","54,741","CN",16.78,1,4.4,381,7,3,"APICIZON","Home & Kitchen","Small Oversize","FBA","16.0x2.5x17.0",5.40,"3/10/2021"
"Yoobure Nightstand with Charging Station, Small Night Stand with Fabric Drawers and Storage Shelf for Bedrooms, Nightstands for Small Spaces, Bedside Table with USB Ports & Outlets, Bed Side Table","B0BS98NNCN","https://www.amazon.com/dp/B0BS98NNCN?psc=1","https://m.media-amazon.com/images/I/715PdwI7WzL._AC_SY355_.jpg","Yoobure",52.99,"n/a","n/a","12,668","CN",18.80,2,4.0,10,7,5,"Yoobure Direct","Home & Kitchen","Large Standard-Size","FBA","13.2x7.4x17.9",14.05,"5/18/2023"
"Small Side Table, Wood Small End Table Accent Table for Living Room Bedroom Small Spaces, Modern Home Decor Night Stand Bedside Tables, Easy to Assemble, Black","B0BS96QKRS","https://www.amazon.com/dp/B0BS96QKRS?psc=1","https://m.media-amazon.com/images/I/61vzQJAF67L._AC_SX425_.jpg","Calidohome",24.99,"n/a","n/a","213,380","CN",12.20,1,"n/a",0,7,0,"hitoyot","Home & Kitchen","Large Standard-Size","FBA","13.7x3.9x17.5",6.55,"1/13/2023"
"LIDYUK End Table with Charging Station, Flip Top Side Table with USB Ports and Outlets, Nightstand for Small Spaces, Bedside Tables with Storage Shelf for Living Room, Bedroom, Greige","B0BNHK3TMT","https://www.amazon.com/dp/B0BNHK3TMT?psc=1","https://m.media-amazon.com/images/I/711o7docceL._AC_SX569_.jpg","LIDYUK",79.99,"3,050","243,969.50","14,315","CN",24.48,1,4.5,"1,899",6,97,"LIDYUK","Home & Kitchen","Large Standard-Size","FBA","13.5x7.2x17.6",16.38,"11/28/2022"
"SOOWERY Mid Century Modern Nightstand with Charging Station, Bedside Tables with Glass Decorative Door, End Table Side Table with 2 Tiers Storage Space, for Bedroom, Living Room, White","B0B9258LKY","https://www.amazon.com/dp/B0B9258LKY?psc=1","https://m.media-amazon.com/images/I/61yAhaJLhcL._AC_SX569_.jpg","SOOWERY",69.99,"1,332","93,226.68","21,688","CN",23.78,1,4.6,350,9,54,"SOOWERY Direct","Home & Kitchen","Large Standard-Size","FBA","13.5x7.6x17.4",18.74,"8/9/2022"
"Artigarden C Shaped End Table, Side Tables Couch TV Tray Table, Small Snack Table Sofa Table with Metal Frame for Living Room, Bedroom, Bedside for Small Spaces, Rustic Brown Black","B0BZ8BNF8D","https://www.amazon.com/dp/B0BZ8BNF8D?psc=1","https://m.media-amazon.com/images/I/51uJ-oeUOiL._AC_SX466_.jpg","Artigarden",24.99,"n/a","n/a","382,054","CN",13.00,1,4.3,17,7,0,"ArtiGarden","Home & Kitchen","Large Standard-Size","FBA","13.5x3.1x17.3",9.21,"3/22/2023"
"RAD Cycle Products Adjustable Bike Trainer Fitness Desk Portable Workstation Standing Desk","B07BQZY9RL","https://www.amazon.com/dp/B07BQZY9RL?psc=1","https://m.media-amazon.com/images/I/612eqvepYxL._AC_SX466_.jpg","RAD Cycle Products",137.95,195,"26,900.25","35,821","AMZ",57.11,9,4.5,"1,998",11,8,"Amazon","Sports & Outdoors","Medium Oversize","FBA","31.8x5.0x35.0",26.00,"5/15/2017"
"Winsome Wood Claire Accent Table, Black","B000NPSGPS","https://www.amazon.com/dp/B000NPSGPS?psc=1","https://m.media-amazon.com/images/I/71fJ0TjspXL._AC_SY355_.jpg","Winsome",35.16,"1,542","54,216.72","19,423","AMZ",23.40,25,4.4,"19,526",11,83,"Amazon","Home & Kitchen","Small Oversize","FBA","19.4x4.7x23.1",20.05,"11/1/2000"
"HOOBRO Side Table, Flip End Table with Charging Station and Shelves, USB Ports & Power Outlets, Narrow Nightstand for Small Spaces, Stable and Sturdy, for Living Room, Bedroom, Black BK341BZ01","B0BQQM4GTZ","https://www.amazon.com/dp/B0BQQM4GTZ?psc=1","https://m.media-amazon.com/images/I/61+OWCfSeDL._AC_SX466_.jpg","HOOBRO",59.99,"n/a","n/a","38,499","CN",20.32,1,4.5,790,9,11,"Hoobro","Home & Kitchen","Large Standard-Size","FBA","5.8x13.1x15.9",15.84,"5/15/2023"
"FURINNO Oval End Table, One, Walnut","B01FX5CM8O","https://www.amazon.com/dp/B01FX5CM8O?psc=1","https://m.media-amazon.com/images/I/61zo5IM6j9L._AC_SX466_.jpg","Furinno",15.46,238,"3,679.48","135,476","AMZ",16.25,6,4.2,"1,869",6,9,"Amazon","Home & Kitchen","Small Oversize","AMZ","17.8x2.5x24.3",10.60,"5/19/2016"
"HOUIT End Table with Charging Station, Narrow Flip Top Side Table with USB Ports and Outlets, Nightstand with Storage for Small Spaces, Bedside Tables for Living Room, Bedroom","B0BG8GCSYK","https://www.amazon.com/dp/B0BG8GCSYK?psc=1","https://m.media-amazon.com/images/I/71LphdAZ2TL._AC_SX466_.jpg","HOUIT",39.99,325,"12,996.75","38,560","CN",17.64,1,4.7,152,7,12,"HOUIT","Home & Kitchen","Large Standard-Size","FBA","13.5x7.3x17.3",16.65,"9/23/2022"
"HOOBRO Bedside Table with Pull-Out Collapsible Storage Box, Retro Small Nightstand for Small Space, Living Room, Bedroom, Stable and Sturdy, Rustic Brown and Black BF35BZ01","B08QZ1GMT9","https://www.amazon.com/dp/B08QZ1GMT9?psc=1","https://m.media-amazon.com/images/I/71yKVaS94UL._AC_SY355_.jpg","HOOBRO",24.99,155,"3,873.45","54,901","CN",13.16,2,4.3,294,9,9,"Hoobro","Home & Kitchen","Large Standard-Size","FBA","13.4x4.2x16.6",9.55,"4/16/2021"
"YBING Nightstand for Bedroom End Side Table with 2 Drawers and Open Shelf Wood Industrial Bedside Table with Fabric Storage for Bedroom Living Room Sturdy Dorm Brown","B0BS5LFWH1","https://www.amazon.com/dp/B0BS5LFWH1?psc=1","https://m.media-amazon.com/images/I/81K-IRT2fHL._AC_SX425_.jpg","YBING",39.99,370,"14,796.30","79,476","CN",16.12,1,4.1,37,7,13,"YBING Direct","Home & Kitchen","Large Standard-Size","FBA","12.8x5.5x16.6",12.43,"1/12/2023"
"Hoctieon 3 Tier Tall End Table, Slim Night Table, Narrow Side Table with Storage, Nightstand for Small Spaces, for Living Room, Bedroom, Sofa Couch, Hall, Easy Assembly, Rustic Brown","B0B2867VP9","https://www.amazon.com/dp/B0B2867VP9?psc=1","https://m.media-amazon.com/images/I/81DAnqal1xL._AC_SY355_.jpg","Hoctieon",35.99,515,"18,534.85","62,372","CN",14.49,1,4.7,346,9,36,"Hoctieon","Home & Kitchen","Large Standard-Size","FBA","12.1x3.3x16.7",9.00,"5/25/2022"
"VECELO Versatile Side/End Table with Storage Shelf Nightstands for Living Room,Bedroom Furniture (Set of 2), Shelves, Retro Brown","B08PFC5GFG","https://www.amazon.com/dp/B08PFC5GFG?psc=1","https://m.media-amazon.com/images/I/71MfM0OtuEL._AC_SX466_.jpg","VECELO",81.85,483,"39,533.55","58,812","AMZ",35.86,6,4.5,902,7,35,"Amazon","Home & Kitchen","Small Oversize","FBA","13.3x8.3x26.5",33.71,"n/a"
"LAKEMID Side Table with Charging Station Set of 2 - Small C Table Narrow End Table with Metal Frame for Living Room Bedroom Small Spaces (Rustic Brown)","B0BRZ8S9M6","https://www.amazon.com/dp/B0BRZ8S9M6?psc=1","https://m.media-amazon.com/images/I/81m3hA6QGmL._AC_SY355_.jpg","LAKEMID",69.99,138,"9,658.62","106,629","CN",22.63,1,4.8,19,9,18,"Lakemid Direct","Home & Kitchen","Large Standard-Size","FBA","12.8x6.1x17.0",18.34,"1/10/2023"
"HOMSHO 2-Tier Side Table, End Tables with Tempered Glass, Nightstands with Storage Shelves, Slim Sofa Table for Living Room, Bedroom (1, Golden)","B0BY1N8XM7","https://www.amazon.com/dp/B0BY1N8XM7?psc=1","https://m.media-amazon.com/images/I/717Qtrc5A7L._AC_SY355_.jpg","HOMSHO",35.99,"n/a","n/a","69,947","CN",14.33,1,4.0,31,9,2,"HOMSHO","Home & Kitchen","Large Standard-Size","FBA","12.8x4.6x17.3",8.36,"3/10/2023"
"FORAOFUR End Table with Charging Station, End Tables with USB Ports and Outlets, Small Side Table for Living Room, Bedroom & Office, Two-Tier Narrow Side Table, Easy Assembly","B0BY8F1791","https://www.amazon.com/dp/B0BY8F1791?psc=1","https://m.media-amazon.com/images/I/61pMN6vuljL._AC_SX466_.jpg","FORAOFUR",34.99,"n/a","n/a","148,197","CN",14.34,1,5.0,8,7,0,"HAITE HOME","Home & Kitchen","Large Standard-Size","FBA","13.1x4.3x17.2",8.51,"3/13/2023"
"BETTAHOME C Shaped End Table, Side Table, for Couch, Bed, Chair, Living Room, Bedroom, Slides Under Sofa, Tray for Snack, Laptop, TV Dinner, Light Wood and Black BT001B","B0BYJ5L7M6","https://www.amazon.com/dp/B0BYJ5L7M6?psc=1","https://m.media-amazon.com/images/I/61jzhjI1x4L._AC_SX569_.jpg","BETTAHOME",30.99,"n/a","n/a","76,066","CN",14.73,1,4.6,63,7,6,"BETTAHOME","Home & Kitchen","Large Standard-Size","FBA","13.6x4.0x17.5",8.93,"5/3/2023"
"NUTMAK Side Table, Slim Nightstand Bedside Table with Solid Wood Legs, 2-Tier End Table with Storage Shelf for Living Room Bedroom Entryway, No-Tool Assembly.","B0BJ262QG9","https://www.amazon.com/dp/B0BJ262QG9?psc=1","https://m.media-amazon.com/images/I/71ukWj3XtZL._AC_SX425_.jpg","NUTMAK",28.99,166,"4,812.34","142,417","US",12.89,1,4.5,40,7,5,"DESIREVAE GLOBAL INC","Home & Kitchen","Large Standard-Size","FBA","13.6x3.3x17.0",7.47,"10/13/2022"
"FURINNO Modern Simplistic End Table, 1-Pack Without Tray, Espresso","B075N9RGJR","https://www.amazon.com/dp/B075N9RGJR?psc=1","https://m.media-amazon.com/images/I/61neFUQ8WlL._AC_SX522_.jpg","Furinno",18.38,156,"2,867.28","142,972","AMZ",16.45,20,4.1,"3,379",8,"1,151","Amazon","Home & Kitchen","Small Oversize","AMZ","17.3x1.4x29.3",9.04,"9/15/2017"
"Palama Small Side Table for Living Room, Modern Home Décor Gold Side Table, Easy Assembly Small Gold Table, Gold Accent Table","B0B699MVP4","https://www.amazon.com/dp/B0B699MVP4?psc=1","https://m.media-amazon.com/images/I/81syRAnvWDL._AC_SX569_.jpg","Palama",29.99,576,"17,274.24","45,980","CN",17.17,1,4.7,200,8,25,"HomePalama","Home & Kitchen","Small Oversize","FBA","16.3x2.3x21.5",7.95,"7/11/2022"
"Nathan James Mina Side, End Table Wood Finish & Matte Accents with Storage for Living Room or Nightstand, Bedroom, Natural Oak/Black","B084HCTYZ7","https://www.amazon.com/dp/B084HCTYZ7?psc=1","https://m.media-amazon.com/images/I/81-8vOM6zSL._AC_SX522_.jpg","Nathan James",101.34,"1,341","135,896.94","22,339","AMZ",35.85,9,4.4,783,7,22,"Amazon","Home & Kitchen","Small Oversize","FBA","19.3x6.0x22.5",26.85,"2/5/2020"
"Hoctieon 3 Tier End Table, Telephone Table, Tall Side Table with Storage, Small Nightstand for Small Spaces, Metal Frame, for Living Room, Bedroom, Sofa Couch, Hall, Easy Assembly, Greige","B0BGHCRL7H","https://www.amazon.com/dp/B0BGHCRL7H?psc=1","https://m.media-amazon.com/images/I/81r8K3rdLDL._AC_SY450_.jpg","Hoctieon",34.99,"1,121","39,223.79","25,273","CN",13.70,1,4.6,386,8,44,"Hoctieon","Home & Kitchen","Large Standard-Size","FBA","12.6x2.7x17.1",6.64,"9/26/2022"