"Product Details","ASIN","URL","Image URL","Brand","Price $","Sales","Revenue","BSR","Seller Country/Region","Fees $","Active Sellers #","Ratings","Review Count","Images","Review velocity","Buy Box","Category","Size Tier","Fulfillment","Dimensions","Weight","Creation Date"
"($) Gewudraw Console Table with Power Outlets, 55.11"" Narrow Sofa Table with Charging Station & USB Ports, Entryway Table Behind Couch, Industrial Sofa Table for Hallway, Living Room, Bedroom","B0C272K4KX","https://www.amazon.com/dp/B0C272K4KX?psc=1","https://m.media-amazon.com/images/I/71501fqd9JL._AC_SX466_.jpg","Gewudraw",64.99,"n/a","n/a","70,513","CN",20.92,1,4.3,13,9,3,"Gewudraw","Home & Kitchen","Large Standard-Size","FBA","8.9x5.4x17.0",15.37,"5/12/2023"
"ALLOSWELL Console Table with Power Outlet, 63"" Narrow Sofa Table, Industrial Entryway Table with USB Ports, Behind Couch Table for Entryway, Hallway, Foyer, Living Room, Bedroom CTHR16E01","B09XMKSNST","https://www.amazon.com/dp/B09XMKSNST?psc=1","https://m.media-amazon.com/images/I/61oYUWe-3xL._AC_SX522_.jpg","ALLOSWELL",59.99,491,"29,455.09","80,192","CN",26.71,2,4.6,359,8,29,"ALLOSWELL","Home & Kitchen","Small Oversize","FBA","10.0x4.8x36.5",19.95,"5/1/2022"
"VASAGLE C-Shaped End Table, Small Side Table for Couch, Sofa Table with Metal Frame for Living Room, Bedroom, Bedside, Rustic Brown and Black","B08VDQN8H5","https://www.amazon.com/dp/B08VDQN8H5?psc=1","https://m.media-amazon.com/images/I/51r6RyMQCLL._AC_SX679_.jpg","VASAGLE",39.99,"2,913","116,490.87","6,224","US",16.23,3,4.7,"2,189",8,95,"Songmics Direct","Home & Kitchen","Large Standard-Size","FBA","13.0x3.1x17.2",9.08,"6/23/2021"
"Tajsoon Console Table, Industrial entryway Table, Narrow Sofa Table with Shelves,Entrance Table for Entryway, Hallway, Living Room, Foyer, Corridor, Office, Rustic Brown and Black","B0989DQJ9L","https://www.amazon.com/dp/B0989DQJ9L?psc=1","https://m.media-amazon.com/images/I/814rUarzH8L._AC_SY450_.jpg","Tajsoon",59.99,"2,608","156,453.92","14,121","CN",19.85,1,4.5,"1,195",7,77,"tajsoon","Home & Kitchen","Large Standard-Size","FBA","12.4x4.0x16.8",14.22,"6/30/2021"
"Convenience Concepts Oxford 1 Drawer Console Table with Shelves, Black","B074SWDBSX","https://www.amazon.com/dp/B074SWDBSX?psc=1","https://m.media-amazon.com/images/I/71ovWHgEu7L._AC_SX679_.jpg","Convenience Concepts",93.33,"1,410","131,595.30","22,029","AMZ",41.37,20,4.5,"9,323",10,66,"Amazon","Home & Kitchen","Small Oversize","AMZ","14.3x7.0x42.5",42.91,"8/14/2017"
"AMHANCIBLE C Shaped End Table Set of 2, Side Tables for Sofa, Couch Table Snack Side Table for Living Room Bedroom, Metal Frame, Acent, Rustic Brown HET02CBR","B09FXZTLX2","https://www.amazon.com/dp/B09FXZTLX2?psc=1","https://m.media-amazon.com/images/I/61dcs4Q+m0L._AC_SY355_.jpg","AMHANCIBLE",55.99,"1,459","81,689.41","11,501","CN",19.09,6,4.5,752,7,33,"Amhancible","Home & Kitchen","Large Standard-Size","FBA","12.9x6.5x16.7",13.93,"12/6/2021"
"SUPERJARE 70 Inch Console Table, Sofa Tables Narrow Long, Behind Couch Table Skinny, Hallway Table for Entryway, Entrance Tables for Front Door, Living Room - Vintage Brown","B0BMDNBYTW","https://www.amazon.com/dp/B0BMDNBYTW?psc=1","https://m.media-amazon.com/images/I/61i4KTdClBL._AC_SX355_.jpg","SUPERJARE",49.99,431,"21,545.69","61,259","US",26.20,1,4.4,55,7,-176,"Superjare Direct","Home & Kitchen","Small Oversize","FBA","10.8x3.8x39.0",19.30,"2/19/2023"
"MAHANCRIS 55"" Sofa Table, Industrial Console Table, 3-Tier Narrow Side Table with Open Shelves, Foyer Table for Entryway, Hallway, Kitchen, Living Room and Bedroom, Rustic Brown CTHR80401","B0BKFH339Q","https://www.amazon.com/dp/B0BKFH339Q?psc=1","https://m.media-amazon.com/images/I/71PfjddNqvL._AC_SX522_.jpg","MAHANCRIS",99.99,179,"17,898.21","186,980","CN",41.53,1,5.0,3,9,0,"ALLOSWELL","Home & Kitchen","Small Oversize","FBA","11.8x6.8x34.0",40.16,"3/30/2023"
"Walker Edison Sedalia Modern Farmhouse Metal X Entry Table, 46 Inch, Grey","B07H36DX4P","https://www.amazon.com/dp/B07H36DX4P?psc=1","https://m.media-amazon.com/images/I/612-YZ+KD2L._AC_SX679_.jpg","Walker Edison",110.82,"1,144","126,778.08","26,659","AMZ","n/a",3,4.6,"8,117",6,30,"Amazon","Home & Kitchen","Small Oversize","AMZ","15.0x5.4x50.2",40.81,"n/a"
"Ahvqevn Console Table, 51"" Entryway Table with Storage Shelves Narrow Long Sofa Table TV Console Table for Living Room Entryway, Industric Brown","B09P4VTN1R","https://www.amazon.com/dp/B09P4VTN1R?psc=1","https://m.media-amazon.com/images/I/71KB8W9JYRL._AC_SX425_.jpg","Ahvqevn",99.99,48,"4,799.52","222,194","CN",43.78,1,4.9,22,7,2,"Ahvqevn","Home & Kitchen","Small Oversize","MFN","16.0x6.0x54.5",43.06,"6/5/2022"
"($) OKD Entryway Table w/Sliding Barn Doors, 46'' Farmhouse & Industrial Console Table with Storage, Rustic Sofa Table w/Adjustable Shelf & Open Shelf for Entry Way, Hallway, Living Room, Antique White","B0BS9ZB4ZJ","https://www.amazon.com/dp/B0BS9ZB4ZJ?psc=1","https://m.media-amazon.com/images/I/81ZzLyMsWxL._AC_SY450_.jpg","OKD",199.99,432,"86,395.68","54,704","CN","n/a",1,4.6,115,6,21,"OKD-us","Home & Kitchen","n/a","MFN","n/a","n/a","2/11/2023"
"($) ODK 55"" Bar Table, Bar Height Pub Table, Counter Height Bar Table, Rectangular High Top Kitchen & Dining Counter Tables with Sturdy Legs & Easy-to-Clean Top & 10 Min Quick Assembly, Indoor use, White","B09R4LYG2K","https://www.amazon.com/dp/B09R4LYG2K?psc=1","https://m.media-amazon.com/images/I/61uRHsU7umL._AC_SX569_.jpg","ODK",119.99,573,"68,754.27","50,545","CN",41.59,7,4.6,"1,328",7,26,"Casaottima Store","Home & Kitchen","Small Oversize","FBA","19.5x4.0x59.5",32.16,"8/23/2021"
"VECELO Multipurpose Console, Narrow Sofa 2-Tier Rustic Hallway Table with Storage Shelves for Entryway/Living Room,Easy Assembly, 41.3 in x 14 in x 29.9 in (L x W x H), Brown","B07L3MSKLZ","https://www.amazon.com/dp/B07L3MSKLZ?psc=1","https://m.media-amazon.com/images/I/718kiMx0eyL._AC_SY450_.jpg","VECELO",54.99,29,"1,594.71","676,228","AMZ",29.83,3,4.6,660,7,16,"Amazon","Home & Kitchen","Small Oversize","MFN","18.0x3.5x46.0",30.10,"n/a"
"P PURLOVE Console Table for Entryway Wood Sofa Table with 3 Drawers and 1 Shelf for Hallway Living Room (Black)","B0BRM4RW3N","https://www.amazon.com/dp/B0BRM4RW3N?psc=1","https://m.media-amazon.com/images/I/91O83SiY9MS._AC_SX679_.jpg","P PURLOVE",186.99,39,"7,292.61","219,311","CN",65.92,1,4.0,2,9,-1,"Evan It","Home & Kitchen","n/a","MFN","n/a","n/a","1/10/2023"
"Furologee Console Table with 2 Drawers, Industrial Sofa Table, Entryway Table with 3-Tier Storage Shelves, Narrow Accent Table Metal Frame for Living Room/Entryway/Hallway, Rustic Brown","B097DN5MFJ","https://www.amazon.com/dp/B097DN5MFJ?psc=1","https://m.media-amazon.com/images/I/81aJDUjUc3L._AC_SX466_.jpg","Furologee",89.99,845,"76,041.55","31,380","CN",35.40,5,4.4,935,9,51,"Engriy Store","Home & Kitchen","Small Oversize","FBA","12.7x4.8x41.3",29.06,"6/17/2021"
"Convenience Concepts Oxford Console Table with Shelf, Espresso","B01CZUU8LI","https://www.amazon.com/dp/B01CZUU8LI?psc=1","https://m.media-amazon.com/images/I/71MAqF4hauL._AC_SX466_.jpg","Convenience Concepts",46.98,716,"33,637.68","19,886","AMZ",29.38,13,4.6,"8,373",8,-740,"Amazon","Home & Kitchen","Small Oversize","AMZ","15.3x6.5x42.1",29.71,"3/15/2016"
"($) LVB Industrial Console Sofa Table, Wood Metal Foyer Hallway Tables for Entryway, Wide Front Rustic Entry Way Table with Modern 3 Tier Long Open Storage Shelf for Home Living Room, Rustic Oak, 55 Inch","B09TSB53XG","https://www.amazon.com/dp/B09TSB53XG?psc=1","https://m.media-amazon.com/images/I/61sjX5CQbAL._AC_SY355_.jpg","LVB",169.97,247,"41,982.59","111,525","CN",53.86,1,4.7,158,7,13,"LVB Furniture","Home & Kitchen","Small Oversize","FBA","16.0x3.8x58.0",42.76,"3/3/2022"
"($) Ecoprsio Entryway Table with Outlets and USB Ports, Console Table with 2 Drawers, Sofa Table Narrow Long with Storage Shelves for Living Room, Couch, Hallway, Foyer, Kitchen Counter, 32'', Grey","B09P3WPWP7","https://www.amazon.com/dp/B09P3WPWP7?psc=1","https://m.media-amazon.com/images/I/715VTivNJ1L._AC_SX569_.jpg","Ecoprsio",100.18,"1,319","132,137.42","24,692","CN",37.78,3,4.6,"1,268",7,69,"Ecoprsio Store","Home & Kitchen","Small Oversize","FBA","14.9x4.9x36.5",31.45,"11/24/2021"
"($) HOSTACK Farmhouse Console Table with 2-Door Cabinet & 2 Drawers, Coffee Bar, Entryway Table with Storage Shelf, Sofa Tables Buffet Sideboard for Kitchen, Hallway, Dining, Living Room, Ash Gray","B0BKSST8JG","https://www.amazon.com/dp/B0BKSST8JG?psc=1","https://m.media-amazon.com/images/I/81OeFSiUXKL._AC_SX466_.jpg","HOSTACK",119.99,517,"62,034.83","51,619","CN","n/a",1,4.5,100,7,21,"Seleadc","Home & Kitchen","n/a","MFN","n/a","n/a","10/28/2022"
"($) Tribesigns Console Sofa Table, 70.9 inch Extra Long Console Table Behind Couch with Storage Shelves, 3-Tier Industrial Narrow Entryway Hallway Accent Table for Living Room, Rustic Brown","B0BDRW2PXR","https://www.amazon.com/dp/B0BDRW2PXR?psc=1","https://m.media-amazon.com/images/I/818uRd1gZ3L._AC_SY450_.jpg","Tribesigns",179.99,160,"28,798.40","265,355","CN","n/a",1,4.7,57,7,4,"Tribesigns-Way to Origin","Home & Kitchen","n/a","MFN","n/a","n/a","9/9/2022"
"HOMERECOMMEND Console Sofa Tables End Table Computer Desk Coffee Snack Console Tables for Living Room Or Corridor Hallway Rustic Brown Color Wood","B088MDXBQR","https://www.amazon.com/dp/B088MDXBQR?psc=1","https://m.media-amazon.com/images/I/71s-09mtZDL._AC_SY450_.jpg","HOMERECOMMEND",51.99,397,"20,640.03","86,399","CN",24.40,4,4.4,"3,430",6,16,"HOMERECOMMEND Manufacturer Direct","Home & Kitchen","Small Oversize","FBA","13.1x3.0x42.8",14.80,"5/14/2020"
"ChooChoo Narrow Console Table, Chic Accent Sofa Table, Entryway Table, White","B07SYY7FVN","https://www.amazon.com/dp/B07SYY7FVN?psc=1","https://m.media-amazon.com/images/I/71zjPQttTML._AC_SY450_.jpg","ChooChoo",79.99,"1,017","81,349.83","33,628","CN",32.65,3,4.5,"3,046",5,44,"ChooChoo Furniture","Home & Kitchen","Small Oversize","FBA","15.6x5.0x44.0",26.40,"9/10/2019"
"ELYKEN 5.9"" Narrow Console Sofa Table with Power Outlets, 5.9"" Dx63 Wx31.5 H Long Skinny Behind Couch Table with “X” Cross Metal Frame and Charge Station with 6.5’ Extension Cord, Black","B0BX8LCFC6","https://www.amazon.com/dp/B0BX8LCFC6?psc=1","https://m.media-amazon.com/images/I/615WefnL5qL._AC_SX466_.jpg","ELYKEN",63.99,300,"19,197.00","62,507","CN",26.89,1,4.5,67,7,9,"Elyken","Home & Kitchen","Small Oversize","FBA","8.0x5.0x35.6",18.40,"11/23/2022"
"Yoobure Sofa Table 70.9 Inch Narrow Console Table with 2 Outlet and 2 USB Ports Extra Long Entryway Table with X-Shaped Design Entry Behind Couch Table for Hallway Living Room Foyer","B0BTSJJYTZ","https://www.amazon.com/dp/B0BTSJJYTZ?psc=1","https://m.media-amazon.com/images/I/61YSnZ90-HL._AC_SY450_.jpg","Yoobure",69.99,195,"13,648.05","130,921","CN",22.48,1,4.4,57,7,34,"Fancee Home","Home & Kitchen","Small Oversize","FBA","14.2x6.2x38.4",28.40,"4/3/2023"
"($) OKD Console Table w/Sliding Barn Doors, Farmhouse 46 Inch Entryway Table w/Adjustable Shelf, Rustic Sofa Table w/2 Storage Cabinets for Entry Way, Hallway, Living Room, Light Rustic Oak","B098FBLPXK","https://www.amazon.com/dp/B098FBLPXK?psc=1","https://m.media-amazon.com/images/I/81C5uHqkAsL._AC_SX466_.jpg","OKD",193.99,99,"19,205.01","237,642","CN","n/a",1,4.5,21,7,1,"OKD-us","Home & Kitchen","n/a","MFN","n/a","n/a","7/1/2021"
"($) Lifewit 39.4” Console Entryway Table with 2 Power Outlets and 2 USB Ports,Industrial Narrow Sofa Table for Hallway, Living Room,Bedroom,Kitchen, Metal Frame, Rustic Brown, Easy Assembly","B0BG4BG9VW","https://www.amazon.com/dp/B0BG4BG9VW?psc=1","https://m.media-amazon.com/images/I/61KfSFlCghL._AC_SX466_.jpg","Lifewit",62.99,105,"6,613.95","312,074","US",25.48,1,4.8,73,9,8,"Lifewit Home","Home & Kitchen","Small Oversize","FBA","14.1x3.3x41.5",15.80,"12/8/2022"
"($) Giantex Console Table Easy Assembly Entryway Table W/Storage Drawer and Bottom Shelf, Mufti-Functional Home Furniture for Hallway, Living Room, Bedroom, Office 47 Inch Accent Hall Table (Gray Wash)","B08C58V7JZ","https://www.amazon.com/dp/B08C58V7JZ?psc=1","https://m.media-amazon.com/images/I/61YD0ui55lL._AC_SX466_.jpg","Giantex",129.99,83,"10,789.17","327,850","US","n/a",1,4.5,818,9,10,"Giantex","Home & Kitchen","n/a","MFN","n/a","n/a","6/29/2020"
"($) Tribesigns Long Console Table, 70.89 inches Sofa Table, 3 Tier Entryway Table, Industrial Hallway Table, Large Storage Accent Table for Living Room Garage, Rustic Behind Couch Table","B09TVJCF2X","https://www.amazon.com/dp/B09TVJCF2X?psc=1","https://m.media-amazon.com/images/I/81LDisN0IuL._AC_SX466_.jpg","Tribesigns",169.99,145,"24,648.55","144,291","CN","n/a",1,4.4,49,7,3,"HOME HQ","Home & Kitchen","Medium Oversize","MFN","13.8x75.6x5.5",73.00,"3/4/2022"
"Sauder North Avenue Sofa Table, Charter Oak finish, L: 41.50"" x W: 11.50"" x H: 28.03""","B01GS8J9V8","https://www.amazon.com/dp/B01GS8J9V8?psc=1","https://m.media-amazon.com/images/I/61fIBFUax1L._AC_SX466_.jpg","Sauder",57.99,324,"18,788.76","93,350","AMZ",24.73,7,4.7,"7,159",8,17,"Amazon","Home & Kitchen","Small Oversize","AMZ","13.9x3.6x44.6",15.25,"n/a"
"Winsome Wood Rochester Occasional Table, Antique Walnut","B0046EC1CG","https://www.amazon.com/dp/B0046EC1CG?psc=1","https://m.media-amazon.com/images/I/61pJS0GAKaL._AC_SX679_.jpg","Winsome",88.93,133,"11,827.69","212,073","AMZ",39.86,29,4.7,"3,105",8,2,"Amazon","Home & Kitchen","Small Oversize","FBA","19.8x6.0x47.5",34.51,"4/15/2004"
"SUPERJARE Console Table with Outlet, 63 Inch Sofa Table with Charging Station, Narrow Entryway Table, Skinny Hallway Table, Behind Couch Table Skinny for Entryway, Living Room, Plants - Vintage Brown","B0B5TKL62Q","https://www.amazon.com/dp/B0B5TKL62Q?psc=1","https://m.media-amazon.com/images/I/61uF-2PXdAL._AC_SX425_.jpg","SUPERJARE",69.99,"1,712","119,822.88","14,457","US",26.95,3,4.5,237,8,-6,"Superjare Direct","Home & Kitchen","Small Oversize","FBA","10.8x4.5x35.3",16.75,"7/5/2022"
"ChooChoo Console Table with Drawers, Narrow Wood Accent Sofa Table Entryway Table with Storage Shelf for Entryway, Front Hall, Hallway, Living Room, Black","B09SPQDQ1X","https://www.amazon.com/dp/B09SPQDQ1X?psc=1","https://m.media-amazon.com/images/I/81SWssP+fOL._AC_SX425_.jpg","ChooChoo",99.99,733,"73,292.67","51,383","CN",41.53,3,4.4,"1,923",6,34,"ChooChoo Furniture","Home & Kitchen","Small Oversize","FBA","14.5x7.5x43.5",40.91,"2/17/2022"
"($) Tribesigns 70.8 Inch Narrow Console Table, Long Sofa Table Entry Table with 3 Tier Storage Shelves for Entryway Hallway Living Room (Brown)","B099MW55QS","https://www.amazon.com/dp/B099MW55QS?psc=1","https://m.media-amazon.com/images/I/818Aujwk9IS._AC_SY450_.jpg","Tribesigns",189.99,258,"49,017.42","153,144","CN","n/a",1,4.6,195,7,14,"hongyanzhiji","Home & Kitchen","n/a","MFN","n/a","n/a","7/16/2021"
"Furologee Console Table, Dresser TV Stand for Bedroom, Tall Entertainment Center with Shelves, Sofa Table with 5 Fabric Drawers Closet Storage Organizer for Living Room/Entryway/Hallway, Rustic Brown","B097DK6835","https://www.amazon.com/dp/B097DK6835?psc=1","https://m.media-amazon.com/images/I/81GgSN7aL0L._AC_SX466_.jpg","Furologee",89.99,"1,178","106,008.22","27,393","CN",35.83,1,4.5,"1,125",9,54,"Engriy Store","Home & Kitchen","Small Oversize","FBA","12.8x5.0x41.5",30.40,"6/17/2021"
"Narrow Console Table with Power Strips, Sofa Table with Storage Shelves for Living Room, 2-Tier Foyer Table for Entryway, Hallway, Behind Couch, Kitchen Counter, 39'', Grey Oak & Black","B0BLMH9QLY","https://www.amazon.com/dp/B0BLMH9QLY?psc=1","https://m.media-amazon.com/images/I/71+A8e2ptyL._AC_SX466_.jpg","armocity",66.99,535,"35,839.65","60,713","CN",22.66,2,4.5,76,9,17,"Armocity","Home & Kitchen","Large Standard-Size","FBA","13.7x6.7x16.4",19.95,"12/23/2022"
"SUPERJARE 70 Inch Console Table with 2 Outlet and 2 USB Ports, Extra Long Entryway Table with Metal Frame and X-Shaped Design, Narrow Sofa Table for Living Room and Hallway - Vintage Brown","B09JYTCH12","https://www.amazon.com/dp/B09JYTCH12?psc=1","https://m.media-amazon.com/images/I/61NXe5uArML._AC_SX679_.jpg","SUPERJARE",84.99,"1,547","131,479.53","18,130","US",36.07,5,4.7,"1,068",9,69,"Superjare Direct","Home & Kitchen","Small Oversize","FBA","14.0x5.5x38.5",30.36,"10/21/2021"
"ALLOSWELL 63"" Console Table, Narrow Sofa Table, Entryway Table, Industrial Sofa Table, Side Table, for Hallway, Living Room, Bedroom, Sturdy and Stable, Easy to Assemble, Rustic Brown CTHR16001","B09G2QJ12V","https://www.amazon.com/dp/B09G2QJ12V?psc=1","https://m.media-amazon.com/images/I/6196jBU9opL._AC_SX569_.jpg","ALLOSWELL",49.99,378,"18,896.22","90,339","CN",24.79,2,4.6,622,10,39,"ALLOSWELL","Home & Kitchen","Small Oversize","FBA","10.0x4.4x35.5",19.00,"12/2/2021"
"Yaheetech Industrial Console Table with Drawer, Sofa Table Narrow Console Table for Entryway/Living Room, Entry Hallway Table with 2 Tier Open Storage, Rustic Brown","B08TWYTT97","https://www.amazon.com/dp/B08TWYTT97?psc=1","https://m.media-amazon.com/images/I/81R4E09BALL._AC_SY355_.jpg","Yaheetech",87.99,"1,004","88,341.96","34,244","US",42.25,1,4.6,"2,541",9,70,"Yaheetech","Home & Kitchen","Small Oversize","MFN","14.8x5.9x43.7",46.22,"1/26/2021"
"Masupu 70.9 Inch Console Table with Power Outlet,Modern Narrow Long Sofa Table Behind Couch,Skinny Entry Table with Gold Metal Frame for Entryway,Living Room, Hallway,Rustic Brown","B0BP7MTXHF","https://www.amazon.com/dp/B0BP7MTXHF?psc=1","https://m.media-amazon.com/images/I/71VLzg3r8OL._AC_SY450_.jpg","Masupu",79.99,144,"11,518.56","194,908","CN",29.71,1,4.5,15,9,4,"Masupu","Home & Kitchen","Small Oversize","FBA","9.9x4.3x38.7",19.35,"12/6/2022"
"BON AUGURE Rustic Sofa Table Behind Couch, Industrial Console Tables for Entryway, 3 Tier Wood Shelves Entry Table with Storage for Foyer, Hallway, Front Door (47 Inch, Dark Grey Oak)","B0BBQQLNX2","https://www.amazon.com/dp/B0BBQQLNX2?psc=1","https://m.media-amazon.com/images/I/71aFWNjSYOL._AC_SX679_.jpg","BON AUGURE",149.98,434,"65,091.32","69,475","CN",51.55,1,4.8,"1,348",7,22,"BON AUGURE","Home & Kitchen","Small Oversize","FBA","15.5x6.0x51.0",45.86,"2/27/2023"
"15x9.8 Inch Couch Arm Table - Strong Rubber Wood Foldable Sofa Tray Table Clip on Side Table for Wide Couch Arm with 360° Rotating Phone Holder, Armrest Table for Eat/Drink/Snack/Remote Control","B0BRX96BV3","https://www.amazon.com/dp/B0BRX96BV3?psc=1","https://m.media-amazon.com/images/I/71iousw0e+L._AC_SX466_.jpg","BELO VALE",34.99,64,"2,239.36","71,741","CN",12.90,1,4.7,57,6,2,"BELO VALE","Home & Kitchen","Large Standard-Size","FBA","10.5x3.5x16.1",3.97,"1/9/2023"
"ChooChoo Farmhouse Console Table, Rustic Vintage Narrow Sofa Table for Entryway, Living Room, Hallway, 40 White","B08NDK254L","https://www.amazon.com/dp/B08NDK254L?psc=1","https://m.media-amazon.com/images/I/91NRYswYhKS._AC_SX425_.jpg","ChooChoo",109.99,490,"53,895.10","69,024","CN",37.57,1,4.7,268,7,17,"ChooChoo Furniture","Home & Kitchen","Small Oversize","FBA","14.6x6.1x43.0",27.30,"11/13/2020"
"MAHANCRIS Sofa Table with Power Outlet, 43.7"" Console Table with USB Ports, Behind Couch Table, Entryway Table for Living Room, Entryway, Foyer, Metal Frame, Adjustable Feet, Rustic Brown CTHR11E01Z1","B0BTSM2KW9","https://www.amazon.com/dp/B0BTSM2KW9?psc=1","https://m.media-amazon.com/images/I/71zLifWVWUL._AC_SY450_.jpg","MAHANCRIS",49.99,204,"10,197.96","97,238","CN",18.98,1,4.6,3,9,0,"ALLOSWELL","Home & Kitchen","Large Standard-Size","FBA","13.2x6.0x17.2",16.45,"4/27/2023"
"Rolanstar Console Table, Narrow Sofa Table with 2 Mesh Shelves, 47.2” Long Rustic Entryway Table with Retro Metal Frame, Entrance Table for Entryway, Hallway, Living Room, Bedroom","B08ZSH32R8","https://www.amazon.com/dp/B08ZSH32R8?psc=1","https://m.media-amazon.com/images/I/81ygZOUcfTL._AC_SX679_.jpg","Rolanstar",54.99,246,"13,527.54","79,504","CN",27.64,1,4.8,"2,481",9,28,"RolanstarDirect","Home & Kitchen","Small Oversize","FBA","11.7x4.0x50.3",23.85,"3/23/2021"
"MAHANCRIS Console Table, 2-Tier Entrance Table, Behind Sofa Table, Industrial Style, Sturdy and Stable, for Living Room, Entryway, Foyer, Corridor, Office, Rustic Brown and Black CTHR27601","B0BSLJ3BSM","https://www.amazon.com/dp/B0BSLJ3BSM?psc=1","https://m.media-amazon.com/images/I/61bkGpjg4-L._AC_SY355_.jpg","MAHANCRIS",39.99,"n/a","n/a","892,349","CN",16.85,1,"n/a",0,"n/a",0,"ALLOSWELL","Home & Kitchen","Large Standard-Size","n/a","11.4x17.1x6.1",14.30,"5/29/2023"
"Convenience Concepts Tucson Console Table with Shelf, Black","B01HQ2YUEQ","https://www.amazon.com/dp/B01HQ2YUEQ?psc=1","https://m.media-amazon.com/images/I/71PgzUvJoOL._AC_SX425_.jpg","Convenience Concepts",86.08,280,"24,102.40","176,553","AMZ",32.29,18,4.6,"3,620",9,6,"Amazon","Home & Kitchen","Small Oversize","FBA","11.5x5.0x48.5",23.10,"6/29/2016"
"MAHANCRIS Console Table, 40.2” Modern Sofa Table, Tempered Glass Hallway Table, Slim Couch Table, Narrow Sofa Table with Metal Frame, Easy to Install, for Entryway, Living Room, Black CTH101B01","B0BQ6HY9RT","https://www.amazon.com/dp/B0BQ6HY9RT?psc=1","https://m.media-amazon.com/images/I/51aIkU9UCgL._AC_SX425_.jpg","MAHANCRIS",45.99,"n/a","n/a","81,304","CN",17.59,1,5.0,1,8,0,"ALLOSWELL","Home & Kitchen","Large Standard-Size","FBA","10.2x5.3x17.4",13.67,"5/3/2023"
"ALLOSWELL Console Table, 70.9"" Narrow Long Sofa Table, Entryway Table, Industrial Sofa Table, Side Table, for Hallway, Living Room, Sturdy and Stable, Easy to Assemble, Rustic Brown CTHR18001","B09RF1RTV7","https://www.amazon.com/dp/B09RF1RTV7?psc=1","https://m.media-amazon.com/images/I/61QCgmmNLgL._AC_SY355_.jpg","ALLOSWELL",59.99,511,"30,654.89","70,479","CN",28.12,1,4.6,751,9,48,"ALLOSWELL","Home & Kitchen","Small Oversize","FBA","10.2x4.5x40.2",20.65,"1/28/2022"
"HOOBRO 29.5 Inches Narrow Console Table, Small Sofa Table, Entryway Table with Shelves, Side Table, Display Table, for Hallway, Bedroom, Foyer, Living Room, Rustic Brown and Black BF22XG01","B09NKWYWYP","https://www.amazon.com/dp/B09NKWYWYP?psc=1","https://m.media-amazon.com/images/I/61lO-UKRnzL._AC_SX466_.jpg","HOOBRO",43.99,361,"15,880.39","70,585","CN",17.29,3,4.3,117,8,15,"Hoobro","Home & Kitchen","Large Standard-Size","FBA","10.5x5.9x17.4",13.71,"12/13/2021"
"IDEALHOUSE Console Table with Power Outlets & USB Ports, Narrow Sofa Table with Charging Station, 39.3"" Industrial Entryway Table, Behind Couch Table for Living Room, Hallway, Foyer, Bedroom-Grey","B0BL7FDCJ9","https://www.amazon.com/dp/B0BL7FDCJ9?psc=1","https://m.media-amazon.com/images/I/61H7yoLraWL._AC_SX679_.jpg","IDEALHOUSE",49.90,352,"17,564.80","139,513","AMZ",22.26,6,4.7,91,7,22,"Amazon","Home & Kitchen","Small Oversize","AMZ","11.0x42.0x3.5",13.00,"11/2/2022"
"HOOBRO Console Table, 55.1"" Narrow Entryway Table, Extra Long Sofa Table Behind Couch, 1.2” Thick Board, Skinny Hallway Table, Living Room, Corridor, Vintage Brown and Black BF140XG01G1","B09VB6MG61","https://www.amazon.com/dp/B09VB6MG61?psc=1","https://m.media-amazon.com/images/I/61U9iPcxJJL._AC_SX425_.jpg","HOOBRO",49.99,273,"13,647.27","92,473","CN",26.89,2,4.5,252,9,19,"Hoobro","Home & Kitchen","Small Oversize","FBA","11.0x6.5x32.6",23.35,"6/1/2022"
"Winsome Nolan Occasional Table, Cappuccino","B007PBJ4G8","https://www.amazon.com/dp/B007PBJ4G8?psc=1","https://m.media-amazon.com/images/I/61oodZLwcIL._AC_SX466_.jpg","Winsome",104.22,102,"10,630.44","235,581","AMZ",44.68,29,4.7,"1,373",9,3,"Amazon","Home & Kitchen","Small Oversize","FBA","19.8x7.5x44.0",42.51,"3/28/2012"
"Clip On Tray Sofa Table for Wide Couches. Couch Arm Tray Table, Portable Table, TV Table and Side Tables for Small Spaces. Stable Sofa Arm Table for Eating and Drink Table (Brown)","B0BS1SXM3B","https://www.amazon.com/dp/B0BS1SXM3B?psc=1","https://m.media-amazon.com/images/I/81NmRbO0hJL._AC_SX425_.jpg","Shamrock Home",29.99,749,"22,462.51","33,537","CA",11.88,1,4.6,"1,423",5,20,"Shamrock Commerce","Home & Kitchen","Large Standard-Size","FBA","12.0x2.2x14.7",2.92,"1/10/2023"
"Karcog Narrow Console Table with Recessed Power Strip, 47 Inch Sofa Entry Table with 2 AC Outlets & 2 USB Ports, Industrial Farmhouse Style Accent Hallway Table for Living Room, Grey Oak","B09PD7B59J","https://www.amazon.com/dp/B09PD7B59J?psc=1","https://m.media-amazon.com/images/I/71kaogLXEZL._AC_SY450_.jpg","Karcog",79.99,425,"33,995.75","72,689","CN",30.55,4,4.7,697,9,15,"Karcog","Home & Kitchen","Small Oversize","FBA","11.8x5.0x50.5",20.05,"12/29/2021"
"IDEALHOUSE Console Table with 2 Drawers, Farmhouse Entryway Table with Storage Shelf, Accent Wood Sofa Table for Living Room, Hallway, Foyer-Grey","B0BGY2Q3DZ","https://www.amazon.com/dp/B0BGY2Q3DZ?psc=1","https://m.media-amazon.com/images/I/71TZR9f+QsL._AC_SX425_.jpg","IDEALHOUSE",89.99,213,"19,167.87","110,380","CN",42.97,1,4.4,72,7,12,"Yartaka shop","Home & Kitchen","Small Oversize","MFN","6.0x45.0x13.0",48.00,"9/30/2022"
"SUCRSIXBRO Console Table with Charging Station, 70.9’’ Narrow Sofa Table, Entryway Table with Outlets and USB Ports,Easy Assembly,Living Room, Bedroom,Rustic Brown","B0BKXTZNRB","https://www.amazon.com/dp/B0BKXTZNRB?psc=1","https://m.media-amazon.com/images/I/8140r+cUI1L._AC_SY450_.jpg","SUCRSIXBRO",59.99,48,"2,879.52","109,531","CN",25.87,1,4.3,17,9,0,"SUNRISEEE","Home & Kitchen","Small Oversize","FBA","7.9x5.4x39.0",17.90,"10/30/2022"
"AZL1 Life Concept Console Table, Sofa Table for Living Room，Hallway，Entryway, Entrance Hall, Corridor - Wood Look Metal Frame","B08GCLLRKM","https://www.amazon.com/dp/B08GCLLRKM?psc=1","https://m.media-amazon.com/images/I/51a1jv4GC7S._AC_SX679_.jpg","AZL1 Life Concept",37.56,"n/a","n/a","282,403","AMZ",24.33,5,4.5,334,7,1,"Amazon","Home & Kitchen","Small Oversize","AMZ","16.0x3.8x46.3",20.00,"4/8/2021"
"Wnutrees Sofa Table with Power Outlet and USB Ports,Entryway Table for Accent Side Table for Hallway Living Room Bedroom, Wooden Top, Handcrafted Finish (White)","B0BZZ29QWG","https://www.amazon.com/dp/B0BZZ29QWG?psc=1","https://m.media-amazon.com/images/I/61KaErisy8L._AC_SX466_.jpg","Wnutrees",99.99,182,"18,198.18","173,038","CN","n/a",1,4.4,234,6,6,"FzeHome","Home & Kitchen","n/a","MFN","n/a","n/a","3/30/2023"
"ALLOSWELL 63"" Console Table with Power Outlet, Narrow Sofa Table, Farmhouse Sofa Couch Table with Charging Station, Sturdy and Durable, for Entryway, Living Room, Foyer, Rustic Brown CTHR8401","B0B2VXCYTP","https://www.amazon.com/dp/B0B2VXCYTP?psc=1","https://m.media-amazon.com/images/I/61SGqIvSFTL._AC_SY450_.jpg","ALLOSWELL",65.99,481,"31,741.19","112,795","CN",27.61,1,4.6,505,8,-35,"ALLOSWELL","Home & Kitchen","Small Oversize","FBA","10.9x4.2x37.3",19.05,"6/1/2022"
"MAJARO Modern Industrial Sofa Console Table for Living Room, Office (Dark Grey, Single Layer)","B099FL4XPY","https://www.amazon.com/dp/B099FL4XPY?psc=1","https://m.media-amazon.com/images/I/61OJjRmGtGL._AC_SX425_.jpg","MAJARO",49.99,136,"6,798.64","135,209","CN",23.52,1,4.5,210,8,6,"Majaro","Home & Kitchen","Small Oversize","FBA","11.1x2.3x39.8",14.40,"7/14/2021"
"($) Ahvqevn Console Table, 51"" Entryway Table with Storage Shelves Narrow Long Sofa Table TV Console Table for Living Room Entryway, Industric Brown","B09P4VTN1R","https://www.amazon.com/dp/B09P4VTN1R?psc=1","https://m.media-amazon.com/images/I/71KB8W9JYRL._AC_SX425_.jpg","Ahvqevn",99.99,48,"4,799.52","222,194","CN",43.78,1,4.9,22,7,2,"Ahvqevn","Home & Kitchen","Small Oversize","MFN","16.0x6.0x54.5",43.06,"6/5/2022"
"($) Tribesigns 70.86 Inch Rustic Console Sofa Table with Open Shelf, Industrial TV Stand 3 Shelf Horizontal Hallway Entryway Table with Storage for Living Room (70.86, Brown)","B09NBFYZMK","https://www.amazon.com/dp/B09NBFYZMK?psc=1","https://m.media-amazon.com/images/I/81aBHsrsb4L._AC_SY355_.jpg","Tribesigns",179.99,49,"8,819.51","481,189","CN","n/a",1,4.8,210,7,3,"LITTLE TREE","Home & Kitchen","n/a","MFN","n/a","n/a","12/9/2021"
"($) SUPERJARE 70.9 Inch Console Table, Extra Long Entryway Table with Metal Frame and X-Shaped Design, Narrow Sofa Table for Living Room and Hallway - Rustic Brown","B096HMY7P3","https://www.amazon.com/dp/B096HMY7P3?psc=1","https://m.media-amazon.com/images/I/61FQQmPJxFL._AC_SY450_.jpg","SUPERJARE",69.99,142,"9,938.58","218,216","US",33.67,1,4.7,359,7,7,"Superjare Direct","Home & Kitchen","Small Oversize","FBA","14.2x5.6x38.0",32.51,"10/9/2021"
"($) Tribesigns 70.9 Inch Extra Long Sofa Table, 3 Tier Narrow Console Table with Storage Shelves, Industrial Entryway Table Behind Sofa Couch for Living Room, Hallway, Foyer, Rustic Brown","B0BCNKF7HC","https://www.amazon.com/dp/B0BCNKF7HC?psc=1","https://m.media-amazon.com/images/I/81GJS1Kc7iL._AC_SX569_.jpg","Tribesigns",185.99,97,"18,041.03","330,389","CN",74.67,1,4.7,28,9,1,"LITTLE TREE","Home & Kitchen","Medium Oversize","MFN","20.1x75.2x6.1",50.00,"9/1/2022"
"MAJARO Modern Industrial Sofa Console Table for Living Room, Office (Dark Grey, Single Layer)","B099FL4XPY","https://www.amazon.com/dp/B099FL4XPY?psc=1","https://m.media-amazon.com/images/I/61OJjRmGtGL._AC_SX425_.jpg","MAJARO",49.99,136,"6,798.64","135,209","CN",23.52,1,4.5,210,8,6,"Majaro","Home & Kitchen","Small Oversize","FBA","11.1x2.3x39.8",14.40,"7/14/2021"
"HOOBRO 47.2"" Console Table with Power Outlets and USB Ports, Sofa Table, Narrow Entryway Table with Charging Station, Behind Couch Table, Hallway, Foyer, Living Room, Bedroom, Rustic Brown BF301XG01G1","B09NL1NR9Y","https://www.amazon.com/dp/B09NL1NR9Y?psc=1","https://m.media-amazon.com/images/I/511EbvFBqYL._AC_SY450_.jpg","HOOBRO",69.99,293,"20,507.07","311,962","CN",27.79,1,4.6,69,9,5,"Hoobro","Home & Kitchen","Small Oversize","FBA","14.8x3.5x33.6",18.50,"12/13/2021"
"Yaheetech 3-Tier Console Table with 3 Storage Shelves, Entryway Table Sofa Side Narrow Long Table Bookshelf for Hallway Living Room, Accent Furniture, White","B08M3YCF71","https://www.amazon.com/dp/B08M3YCF71?psc=1","https://m.media-amazon.com/images/I/81zlrufsCIL._AC_SX569_.jpg","Yaheetech",87.99,315,"27,716.85","80,506","US",39.72,1,4.8,"1,692",9,21,"Yaheetech","Home & Kitchen","Small Oversize","MFN","17.6x5.3x46.1",40.26,"10/29/2020"
"LVB Industrial Console Table, Metal and Wood Sofa Table, Rustic Entryway Table with Storage, Modern 3 Tier Shelf Long Foyer Tables Behind Couch for Home Living Room Hallway, Dark Gray Oak, 55 Inch","B0967K59PD","https://www.amazon.com/dp/B0967K59PD?psc=1","https://m.media-amazon.com/images/I/81wNVzU-RpL._AC_SX679_.jpg","LVB",169.98,247,"41,985.06","111,525","CN",51.19,2,4.7,158,8,9,"LVB Furniture","Home & Kitchen","Small Oversize","FBA","16.0x3.0x58.0",39.01,"5/31/2021"
"Yoobure C Shaped End Table Set of 2, Side Table for Couch and Bed, Small Side Table for Small Spaces, Living Room, Bedroom, Rustic Snack Table","B0BFDLNF8H","https://www.amazon.com/dp/B0BFDLNF8H?psc=1","https://m.media-amazon.com/images/I/61vDxNBiDpL._AC_SX466_.jpg","Yoobure",42.49,761,"32,334.89","26,076","HK",17.54,1,4.6,313,7,44,"Super A Plus","Home & Kitchen","Large Standard-Size","FBA","12.0x4.8x17.4",15.19,"11/8/2022"
"DAELIFKER Entryway Table, Narrow Console Table with Shelf, 42"" Sofa Table Behind Couch, Skinny Entry Table for Hallway, Living Room, Bedroom, Foyer, Corridor (Rustic Brown)","B0BW6D8RWH","https://www.amazon.com/dp/B0BW6D8RWH?psc=1","https://m.media-amazon.com/images/I/71NZVnA3KdL._AC_SY450_.jpg","DAELIFKER",45.99,203,"9,335.97","141,686","CN",18.23,1,4.5,102,7,6,"DAELIFKER","Home & Kitchen","Large Standard-Size","FBA","12.0x6.5x16.8",15.74,"4/13/2023"
"Plank+Beam Solid Wood Console Table, 46.25”, Sofa Table, Narrow Entryway Table for Hallway, Behind the Couch, Living Room, Foyer, Easy Assembly, Seashell","B0C15KMMSZ","https://www.amazon.com/dp/B0C15KMMSZ?psc=1","https://m.media-amazon.com/images/I/81nhfxMRZUL._AC_SX679_.jpg","Plank+Beam",104.00,483,"50,232.00","40,127","AMZ",20.65,2,4.5,8,5,3,"Amazon","Home & Kitchen","Small Oversize","AMZ","15.5x49.5x4.8",26.00,"3/31/2023"
"VASAGLE Console Table, 2-Tier Entryway Table with Mesh Shelf, Narrow Sofa Table, Steel Frame, Adjustable Feet, for Hallway, Living Room, Industrial Style, Rustic Brown and Black ULNT80X","B07CN8TBHH","https://www.amazon.com/dp/B07CN8TBHH?psc=1","https://m.media-amazon.com/images/I/71a-ewx-gCL._AC_SY355_.jpg","VASAGLE",59.11,306,"18,087.66","53,107","AMZ",29.10,4,4.8,"5,510",9,9,"Amazon","Home & Kitchen","Small Oversize","FBA","16.0x3.4x44.8",25.15,"8/8/2018"
"FATORRI Industrial Console Table for Entryway, Wood Sofa Table, Rustic Hallway Tables with 3-Tier Shelves for Living Room (55 Inch, Rustic Oak)","B088WDDV4K","https://www.amazon.com/dp/B088WDDV4K?psc=1","https://m.media-amazon.com/images/I/61ppEHvGhIL._AC_SX679_.jpg","FATORRI",169.99,488,"82,955.12","61,031","HK",62.43,4,4.8,"1,052",8,26,"FATORRI","Home & Kitchen","Medium Oversize","FBA","16.0x5.0x62.0",52.01,"5/20/2020"
"($) Console Table for Entryway, Sofa Table Narrow Long, Entryway Table, Hallway Table with Storage Shelves, Living Room, Couch, 55 Inch, Grey Wash","B09VT71NRD","https://www.amazon.com/dp/B09VT71NRD?psc=1","https://m.media-amazon.com/images/I/71IRonF40kL._AC_SY450_.jpg","HolliWill",139.99,67,"9,379.33","281,867","CN",49.63,1,4.3,21,9,-21,"HolliWill Direct","Home & Kitchen","Small Oversize","MFN","14.2x57.5x6.3",45.20,"3/17/2022"
"($) Console Tables for Entryway, Entryway Table with Storage, Farmhouse Sofa Table with 4-Tier Shelves for Living Room, Hallway, Entry, 40 Inch, Grey Wash","B09VPPFVQT","https://www.amazon.com/dp/B09VPPFVQT?psc=1","https://m.media-amazon.com/images/I/71X9K7gcBYL._AC_SX466_.jpg","HolliWill",99.99,59,"5,899.41","165,181","CN","n/a",1,4.6,22,7,-19,"HolliWill Direct","Home & Kitchen","n/a","MFN","14.2x41.7x6.3","n/a","3/16/2022"
"($) COZAYH Farmhouse C Table Couch End Table, Rustic Distressed Beaded Edge Tray Top Sofa Snack Side Table, Gold, F031010-1","B09WHWYPDT","https://www.amazon.com/dp/B09WHWYPDT?psc=1","https://m.media-amazon.com/images/I/91ksao66feL._AC_SX425_.jpg","COZAYH",51.99,241,"12,529.59","93,241","US","n/a",1,4.3,172,8,3,"Cozayh","Home & Kitchen","n/a","MFN","n/a","n/a","3/25/2022"
"($) BON AUGURE Rustic Console Table with Shelves Behind Sofa, Industrial 3 Tier Entry Table for Hallway, Farmhouse Entryway Table for Living Room (55 Inch, Vintage Oak)","B09JKFHK2H","https://www.amazon.com/dp/B09JKFHK2H?psc=1","https://m.media-amazon.com/images/I/71gyIhhs9tL._AC_SX679_.jpg","BON AUGURE",149.99,53,"7,949.47","275,692","CN",50.29,1,4.9,58,8,0,"BON AUGURE","Home & Kitchen","Small Oversize","FBA","16.0x6.5x58.3",41.61,"12/12/2022"
"Convenience Concepts Northfield Hall Console Desk Table, Black 48 x 15.5 x 28","B0151PJL76","https://www.amazon.com/dp/B0151PJL76?psc=1","https://m.media-amazon.com/images/I/61rRNkPVdNL._AC_SX466_.jpg","Convenience Concepts",80.98,798,"64,622.04","28,007","AMZ",37.99,6,4.5,"2,865",5,31,"Amazon","Home & Kitchen","Small Oversize","AMZ","18.0x5.0x56.5",32.86,"n/a"
"IDEALHOUSE 2-Tier Narrow Console Sofa Side Table for Entryway Hallway Living Room, Premium Entryway Furniture, 42.9in L x 9.8in W x 29.9in H (Black)","B08VRR5CKV","https://www.amazon.com/dp/B08VRR5CKV?psc=1","https://m.media-amazon.com/images/I/71PWI6kE6ZL._AC_SX466_.jpg","IDEALHOUSE",55.99,176,"9,854.24","133,921","AMZ",26.95,4,4.6,261,9,8,"Amazon","Home & Kitchen","Small Oversize","AMZ","12.8x4.8x45.0",21.95,"2/3/2021"
"VASAGLE Console Table with Curved Frames and 2 Open Shelves, for Hallway Entryway Living Room, Rustic Brown + Black, 11.8 X 47.2 x 31.5 Inches","B08MTPLCJC","https://www.amazon.com/dp/B08MTPLCJC?psc=1","https://m.media-amazon.com/images/I/71hofFcmD4L._AC_SX679_.jpg","VASAGLE",103.99,162,"16,846.38","104,606","AMZ",39.76,2,4.6,866,7,15,"Amazon","Home & Kitchen","Small Oversize","FBA","14.0x4.7x51.2",32.61,"5/17/2021"
"HDANI Console Table, Narrow Entryway Table, 3 Tier Metal Hallway Table, 9.8''Dx31.5''Wx29.7''H(Black)","B09SH8GC23","https://www.amazon.com/dp/B09SH8GC23?psc=1","https://m.media-amazon.com/images/I/81p-F8ey6uL._AC_SY450_.jpg","HDANI",57.99,292,"16,933.08","91,728","CN",23.47,1,4.5,198,8,6,"HDANI","Home & Kitchen","Small Oversize","FBA","11.1x4.6x32.0",12.39,"2/15/2022"
"($) SONGXIN 70.9 Inch Console Table with Power Outlet，Modern Narrow Long Sofa Table Behind Couch,Skinny Entry Table with Gold Metal Frame for Entryway,Living Room, Hallway,Classic White","B0BCFZR3SY","https://www.amazon.com/dp/B0BCFZR3SY?psc=1","https://m.media-amazon.com/images/I/6141t14g10L._AC_SX466_.jpg","SONGXIN",89.99,188,"16,918.12","125,055","CN",31.21,1,4.3,109,9,7,"Masupu","Home & Kitchen","Small Oversize","FBA","10.0x5.0x35.0",19.80,"8/30/2022"
"($) VASAGLE Narrow Console Table - 70.9 Inch Sofa Table with 2 Outlet and 2 USB Ports, Long Entryway Table for Hallway, Behind The Couch, Home Office or Living Room ULNT118B02","B0BK8SRL4K","https://www.amazon.com/dp/B0BK8SRL4K?psc=1","https://m.media-amazon.com/images/I/71TGrGIImTL._AC_SX425_.jpg","VASAGLE",109.99,366,"40,256.34","76,243","US",40.93,2,4.3,53,8,6,"Songmics Direct","Home & Kitchen","Small Oversize","FBA","12.5x6.0x41.0",36.01,"3/5/2023"
"($) Tribesigns 3-Tier Console Table, 55 inch Sofa Table with Open Storage Shelves, Narrow Long Hallway/Entryway Table for Home Living Room Entryway, Rustic Brown","B099ZT6HF7","https://www.amazon.com/dp/B099ZT6HF7?psc=1","https://m.media-amazon.com/images/I/81rbVie54yL._AC_SX569_.jpg","Tribesigns",159.99,88,"14,079.12","749,754","CN","n/a",1,4.8,78,8,0,"Tribesigns-Way to Origin","Home & Kitchen","Small Oversize","MFN","5.3x18.0x60.0",43.98,"7/21/2021"
"($) Ecoprsio Entryway Table with Outlets and USB Ports, Console Table with 2 Drawers, Small Sofa Table with Storage Shelves for Living Room, Couch, Hallway, Foyer, Kitchen Counter, 32'', Rustic","B09P3W1H9Y","https://www.amazon.com/dp/B09P3W1H9Y?psc=1","https://m.media-amazon.com/images/I/71KSifzzz5L._AC_SX466_.jpg","Ecoprsio",100.18,"1,300","130,234.00","24,692","CN",37.36,9,4.6,"1,268",7,69,"Ecoprsio Store","Home & Kitchen","Small Oversize","FBA","15.0x5.0x38.4",30.96,"11/24/2021"
"Timberer Narrow Console Table, 47 Inch Sofa Table with Adjustable Shelf, 2-Tier Long Skinny Table for Hallway, Entryway, Living Room, Foyer, Rustic Brown","B0B2WQ2WJP","https://www.amazon.com/dp/B0B2WQ2WJP?psc=1","https://m.media-amazon.com/images/I/61lsJOyASqL._AC_SX466_.jpg","Timberer",79.99,185,"14,798.15","125,574","CN",30.97,1,4.5,67,9,5,"Timberer","Home & Kitchen","Small Oversize","FBA","12.0x4.8x51.5",23.00,"9/12/2022"
"GAOHANG Couch Arm Table, Acacia Wood Sofa Arm Tray with 360° Rotating Holder, Sofa Clip on Tray Table, Couch Arm Tray, Sofa Armrest Tray, Ideal Gift for Family or Friends","B0BQRJZVYF","https://www.amazon.com/dp/B0BQRJZVYF?psc=1","https://m.media-amazon.com/images/I/8192ttZZjTL._AC_SX569_.jpg","GAOHANG",29.99,161,"4,828.39","122,338","CN",10.89,1,5.0,12,9,6,"GaoHangMaoyi","Home & Kitchen","Large Standard-Size","FBA","10.2x2.7x14.8",2.23,"3/3/2023"
"MAHANCRIS Console Table, 63"" Industrial Entryway Table, Extra Long Sofa Table Behind Couch, X-Shaped Support, for Entryway, Hallway, Living Room, Rustic Brown CTHR4801Z","B0BWJQ478J","https://www.amazon.com/dp/B0BWJQ478J?psc=1","https://m.media-amazon.com/images/I/71RVl+78mWL._AC_SX466_.jpg","MAHANCRIS",91.99,"n/a","n/a","173,122","CN",36.13,1,5.0,1,8,0,"ALLOSWELL","Home & Kitchen","Small Oversize","FBA","11.8x6.5x35.8",31.00,"4/28/2023"
"merax LUMISOL 64 inch Long Console Table with 3 Drawers and Bottom Shelf, Sofa Table Entryway Table for Hallway, Living Room, Easy Assembly (Distressed Black)","B08F2M4256","https://www.amazon.com/dp/B08F2M4256?psc=1","https://m.media-amazon.com/images/I/81a5tDnSg2L._AC_SY355_.jpg","Merax",248.99,74,"18,425.26","184,275","US",100.15,1,4.5,241,9,0,"ORIEN HOME CORP.","Home & Kitchen","Medium Oversize","MFN","17.3x65.9x13.4",80.00,"7/31/2020"
"Tribesigns Farmhouse Console Table, 55 Inch Wood Sofa Table Entryway Table, Industrial Rustic Narrow Hallway Tables Foyer Tables for Entryway, Living Room, Light Grey","B0C5X74SWY","https://www.amazon.com/dp/B0C5X74SWY?psc=1","https://m.media-amazon.com/images/I/81sAU9pp-jL._AC_SX679_.jpg","Tribesigns",129.99,"n/a","n/a","275,748","CN","n/a",1,"n/a",0,"n/a",0,"RockyTech","Home & Kitchen","n/a","MFN","n/a","n/a","5/22/2023"
"Egepon Console Table Sofa Table with Power Outlet, 41.3"" Entryway Table with Shelves, Entrance Table for Entryway, Living Room, Foyer, Corridor, Front Hall, Coffee Bar, Kitchen, Rustic Brown and Black","B0B879FHVM","https://www.amazon.com/dp/B0B879FHVM?psc=1","https://m.media-amazon.com/images/I/71tYpXaKT5L._AC_SX425_.jpg","Egepon",69.99,289,"20,227.11","142,005","CN",23.11,2,4.5,174,8,15,"BMING-US","Home & Kitchen","Large Standard-Size","FBA","12.6x4.9x16.5",19.80,"8/1/2022"
"SUPERJARE 70.9 Inch Console Table, Extra Long Entryway Table with Metal Frame and X-Shaped Design, Narrow Sofa Table for Living Room and Hallway - Rustic Brown","B096HMY7P3","https://www.amazon.com/dp/B096HMY7P3?psc=1","https://m.media-amazon.com/images/I/61FQQmPJxFL._AC_SY450_.jpg","SUPERJARE",69.99,142,"9,938.58","218,216","US",33.67,1,4.7,359,7,7,"Superjare Direct","Home & Kitchen","Small Oversize","FBA","14.2x5.6x38.0",32.51,"10/9/2021"
"Treocho Oxford Design Console Table with Drawer and Storage Shelves, Foyer Sofa Table Narrow for Entryway, Living Room, Hallway, Black","B098Q6X3SH","https://www.amazon.com/dp/B098Q6X3SH?psc=1","https://m.media-amazon.com/images/I/71IB+S7n3DL._AC_SX466_.jpg","Treocho",109.99,491,"54,005.09","73,129","CN",43.89,1,4.5,307,6,15,"Treocho","Home & Kitchen","Small Oversize","FBA","14.2x6.2x44.5",40.61,"7/6/2021"
"HOOBRO 5.9"" Skinny Console Table with Charging Station, 63"" Narrow Sofa Table with Power Outlets, Long Behind Couch Table, Slim Entryway Table for Hallway, Living Room, Rustic Brown BF165UXG01","B0BFGYKRSH","https://www.amazon.com/dp/B0BFGYKRSH?psc=1","https://m.media-amazon.com/images/I/61k72Z9aotL._AC_SX466_.jpg","HOOBRO",59.99,293,"17,577.07","138,319","CN",25.87,1,4.4,38,9,2,"Hoobro","Home & Kitchen","Small Oversize","FBA","8.3x5.5x36.3",17.60,"9/16/2022"
"MOYUART Sofa Arm Tray, Couch Arm Table, Foldable Couch Tray with 360° Rotating Phone Holder, Bamboo Couch Arm Table, Sofa Arm Table, TV Trays, Cup Holder","B0BVKJC48P","https://www.amazon.com/dp/B0BVKJC48P?psc=1","https://m.media-amazon.com/images/I/61RCHA55NjL._AC_SX679_.jpg","MOYUART",29.99,59,"1,769.41","511,858","CN",11.83,1,4.4,36,6,1,"MOYUARTS","Home & Kitchen","Large Standard-Size","FBA","11.4x2.0x17.0",3.20,"2/12/2023"
"HOOBRO Narrow Console Table, 29.5"" Entryway Table, Small Sofa Table, Side Table, Display Table, for Hallway, Bedroom, Living Room, Foyer, Greige and Black BG75XG01","B0BMX2V5HS","https://www.amazon.com/dp/B0BMX2V5HS?psc=1","https://m.media-amazon.com/images/I/61nhKyQFIJL._AC_SX425_.jpg","HOOBRO",43.99,"1,013","44,561.87","28,451","CN",16.01,1,4.4,211,9,58,"Hoobro","Home & Kitchen","Large Standard-Size","FBA","10.6x4.3x17.4",9.59,"11/19/2022"
"2 Pcs Sofa Arm Tray Table Foldable and Flexible Couch Tray Folding Couch Arm Table Non Slip Sofa Armrest Tray Couch Cup Holder Tray for Sectional Chair Recliner Side Table Drinks Snacks Remote","B0BTHKF45K","https://www.amazon.com/dp/B0BTHKF45K?psc=1","https://m.media-amazon.com/images/I/81qAhXx5ECL._AC_SX466_.jpg","Maitys",32.99,"n/a","n/a","1,054,152","CN",12.28,1,"n/a",0,7,0,"Queenyear","Home & Kitchen","Large Standard-Size","FBA","8.5x3.0x11.9",4.39,"1/31/2023"
"Rolanstar Sofa Table with Charging Station, 3 Tier Narrow Console Table with Storage Shelf and Power Outlet, 47” Entryway Table Metal Frame Behind Sofa Couch Hallway Entrance for Living Room","B09W9NRCC3","https://www.amazon.com/dp/B09W9NRCC3?psc=1","https://m.media-amazon.com/images/I/71ZMEb8Z-UL._AC_SX679_.jpg","Rolanstar",89.99,295,"26,547.05","142,247","CN",34.57,3,4.8,360,7,21,"RolanstarDirect","Home & Kitchen","Small Oversize","FBA","10.2x4.4x50.6",27.43,"7/3/2022"
"Gewudraw Console Table, Narrow Sofa Table, 55.1'' Entryway Table, Industrial Sofa Table for Hallway, Living Room, Bedroom, Long Console Table - Vintage Brown","B0C13SNZW1","https://www.amazon.com/dp/B0C13SNZW1?psc=1","https://m.media-amazon.com/images/I/71fyz9VwZFL._AC_SX466_.jpg","Gewudraw",54.99,"n/a","n/a","70,513","CN",19.26,1,4.3,13,9,0,"Gewudraw","Home & Kitchen","Large Standard-Size","FBA","8.8x5.0x17.9",14.81,"5/12/2023"
"SINWANT Bamboo Sofa Clip on Side Table for Wide Couches Arm, Foldable Couch Tray with 360° Rotating Phone Holder, Armrest Table for Eating/Drinks/Snacks/Remote/Control","B09LLZ1R32","https://www.amazon.com/dp/B09LLZ1R32?psc=1","https://m.media-amazon.com/images/I/81F4JhVR7VL._AC_SX466_.jpg","SINWANT",34.99,"2,169","75,893.31","19,601","CN",11.64,1,4.7,"1,467",7,76,"SINWANT-US","Home & Kitchen","Large Standard-Size","FBA","10.6x2.1x16.3",2.98,"11/11/2021"
"HOOBRO Narrow Console Table with Power Outlets, 29.5"" Small Entryway Table with Charging Station, Thin Sofa Table, Side Table, for Hallway, Bedroom, Living Room, Rustic Brown and Black BF75UXG01","B0BS3TV521","https://www.amazon.com/dp/B0BS3TV521?psc=1","https://m.media-amazon.com/images/I/61qHHm4mZvL._AC_SX569_.jpg","HOOBRO",47.99,"n/a","n/a","287,295","CN",16.77,1,"n/a",0,8,0,"Hoobro","Home & Kitchen","Large Standard-Size","FBA","10.5x4.7x16.9",10.27,"5/14/2023"
"Vagaconl 70.86'' Extra Long Console Table, Long Sofa Table, TV Console Table with Shelf,3-Layer Shelf for Living Room, Entryway","B09FTH266F","https://www.amazon.com/dp/B09FTH266F?psc=1","https://m.media-amazon.com/images/I/812ckS6zScL._AC_SX466_.jpg","Vagaconl",155.99,140,"21,838.60","104,025","CN",62.97,1,4.8,77,7,3,"Vagacal","Home & Kitchen","Medium Oversize","MFN","15.0x4.7x76.0",52.01,"9/9/2021"
"MAHANCRIS Skinny Console Table, 63"" Narrow Sofa Table, Entryway Table, Industrial Sofa Table, Side Table, Sofa Hallway Table for Plants, Sturdy and Stable, Easy to Assemble CTHR16501","B0BRXNZZRG","https://www.amazon.com/dp/B0BRXNZZRG?psc=1","https://m.media-amazon.com/images/I/61SlYL-a-CL._AC_SY450_.jpg","MAHANCRIS",49.99,"n/a","n/a","353,999","CN",23.95,1,"n/a",0,7,0,"ALLOSWELL","Home & Kitchen","Small Oversize","FBA","8.3x4.5x36.9",16.15,"5/3/2023"
"FlyinAir Console Talbe 37.6"" Sofa Table for Living Room Console Tables for Entryway Narrow Hallway Table Entry Table Sofa Tables Narrow Long Plant Table Rustic Foyer Tables","B09ZXQD9MW","https://www.amazon.com/dp/B09ZXQD9MW?psc=1","https://m.media-amazon.com/images/I/71-m+hYvhwL._AC_SX466_.jpg","FlyinAir",65.99,24,"1,583.76","687,030","CN",26.35,1,4.7,30,8,3,"FlyinAir","Home & Kitchen","Small Oversize","FBA","15.3x3.8x40.5",16.80,"7/8/2022"
"ETELI Console Sofa Table Narrow Industrial Entryway Table 31.5"" Small Console Table with Storage Entrance Table for Front Door Foyer Living Room Bedroom, Brown","B0BYSQMSPS","https://www.amazon.com/dp/B0BYSQMSPS?psc=1","https://m.media-amazon.com/images/I/71na4ErmiuL._AC_SX425_.jpg","ETELI",46.98,"n/a","n/a","269,719","US",17.89,1,"n/a",0,7,0,"ETELI Direct","Home & Kitchen","Large Standard-Size","FBA","14.0x6.9x17.0",14.53,"3/17/2023"
"Deco 79 Wood Scroll Side Frames 2 Shelf Console Table with Brown Wood Top, 38"" x 15"" x 32"", White","B01MV62XCN","https://www.amazon.com/dp/B01MV62XCN?psc=1","https://m.media-amazon.com/images/I/71MNxCMRGCS._AC_SY450_.jpg","Deco 79",184.00,104,"19,136.00","154,069","AMZ",61.27,4,4.4,232,13,6,"Amazon","Home & Kitchen","Small Oversize","FBA","18.5x10.5x41.0",31.86,"n/a"
"Tinamo Acacia Wood Sofa Armrest Tray -Sofa Arm Tray Table Clip Octangon - Couch Arm Table for Wide Couches - Wooden Side Tables for Small Spaces for Eating and Drink (Acacia)","B0BL1JG1DK","https://www.amazon.com/dp/B0BL1JG1DK?psc=1","https://m.media-amazon.com/images/I/91FEJmciX8L._AC_SX355_.jpg","Tinamo",22.98,174,"3,998.52","172,362","VN",9.84,1,4.8,43,6,5,"TINAMO","Home & Kitchen","Large Standard-Size","FBA","11.1x2.6x14.1",2.95,"10/31/2022"
"SUPERJARE Console Table with Power Outlets & USB Ports, Narrow Entryway Table, 39.3 Inches Sofa Table with Steel Frame for Hallway, Living Room, Entryway, Foyer - Rustic Brown","B09JZG8LV6","https://www.amazon.com/dp/B09JZG8LV6?psc=1","https://m.media-amazon.com/images/I/61mSNr4rjiL._AC_SX679_.jpg","SUPERJARE",59.99,257,"15,417.43","151,953","US",25.18,1,4.4,177,7,14,"Superjare Direct","Home & Kitchen","Small Oversize","FBA","10.0x3.0x42.5",13.55,"3/16/2022"
"HOOBRO Console Table, 47.2"" Narrow Entryway Table, Industrial Sofa Table with Shelf, Entrance Table for Living Room, Hallway, Foyer, Corridor, Office, Metal Frame, Rustic Brown and Black BF20XG01G1","B086KZ833Q","https://www.amazon.com/dp/B086KZ833Q?psc=1","https://m.media-amazon.com/images/I/61iSNQ-sxML._AC_SX679_.jpg","HOOBRO",69.99,438,"30,655.62","94,420","CN",29.05,10,4.7,"1,870",9,-171,"Hoobro","Home & Kitchen","Small Oversize","FBA","10.9x4.1x49.8",21.50,"8/21/2020"
"HOSTACK Farmhouse Console Table with 2-Door Cabinet & 2 Drawers, Coffee Bar, Entryway Table with Storage Shelf, Sofa Tables Buffet Sideboard for Kitchen, Hallway, Dining, Living Room, Rustic Brown","B0BKSV518Z","https://www.amazon.com/dp/B0BKSV518Z?psc=1","https://m.media-amazon.com/images/I/81-C4czTGwL._AC_SY355_.jpg","HOSTACK",115.99,517,"59,966.83","51,619","CN","n/a",1,4.5,100,7,21,"Seleadc","Home & Kitchen","n/a","MFN","n/a","n/a","10/28/2022"
"HOOBRO 47.2"" Narrow Console Table with Power Outlets, Skinny Behind Couch Table with Charging Station, Long and Thin Table for Entryway, Living Room, Foyer, Rustic Brown BF15XG01G1","B09NL25D9S","https://www.amazon.com/dp/B09NL25D9S?psc=1","https://m.media-amazon.com/images/I/61QxUjFm2NL._AC_SY450_.jpg","HOOBRO",69.99,601,"42,063.99","45,074","CN",25.69,4,4.5,186,9,-37,"Hoobro","Home & Kitchen","Small Oversize","FBA","8.3x4.3x33.4",13.05,"12/14/2021"
"Tinamo Acacia Wood Sofa Armrest Tray -Sofa Arm Tray Table Clip - Couch Arm Table for Wide Couches - Wooden Side Tables for Small Spaces for Eating and Drink (Rectangular, Acacia)","B09TKTDCQ8","https://www.amazon.com/dp/B09TKTDCQ8?psc=1","https://m.media-amazon.com/images/I/91782t9zX0L._AC_SX679_.jpg","Tinamo",22.98,411,"9,444.78","58,129","VN",10.78,1,4.7,178,8,15,"TINAMO","Home & Kitchen","Large Standard-Size","FBA","9.8x2.7x14.7",3.08,"2/28/2022"
"Narrow Console Table Small Entryway Table Industrial Couch Table Behind Sofa Table Hallway Table with Hooks for Living Room Foyer Bedroom Corridor Office Rustic Brown","B0BV2GDW9V","https://www.amazon.com/dp/B0BV2GDW9V?psc=1","https://m.media-amazon.com/images/I/61RIGqWry-L._AC_SX425_.jpg","BTY",45.99,332,"15,268.68","135,357","CN",17.27,2,4.0,32,7,7,"BTY HOME","Home & Kitchen","Large Standard-Size","FBA","12.9x5.8x17.2",12.83,"2/7/2023"
"Lifewit 39.4 Inch Console Narrow Sofa Table with Metal Frame for Living Room Industrial Entryway Hallway, Entrance, Office, Corridor, Coffee Table, Behind Sofa, Grey Oak","B09PG3BJF4","https://www.amazon.com/dp/B09PG3BJF4?psc=1","https://m.media-amazon.com/images/I/71hYHTAwd+L._AC_SY355_.jpg","Lifewit",55.99,519,"29,058.81","45,777","US",24.01,2,4.7,353,9,22,"Lifewit Home","Home & Kitchen","Small Oversize","FBA","14.0x3.0x41.0",14.55,"5/22/2022"
"MAHANCRIS Console Table, Narrow Sofa Table, 30.1"" Small Couch Table, Thin Sofa Table, Side Table for Hallway, Living Room, Foyer, Corridor, Rustic Brown and Black CTHR7601","B0BSLGJQ61","https://www.amazon.com/dp/B0BSLGJQ61?psc=1","https://m.media-amazon.com/images/I/61PxXJKnxjL._AC_SX466_.jpg","MAHANCRIS",35.99,"n/a","n/a","441,186","CN",14.81,1,"n/a",0,"n/a",0,"ALLOSWELL","Home & Kitchen","Large Standard-Size","n/a","10.9x4.8x17.0",9.81,"5/29/2023"
"KATHY&BOB 360°Free Rotating Sofa Side Table Mobile Couch Desk Table with 2-Tier Storage Shelves, Laptop Table for Couch with Sturdy Metal Frame, Couch Side Table for Home, Rustic Brown","B09VRRR2J5","https://www.amazon.com/dp/B09VRRR2J5?psc=1","https://m.media-amazon.com/images/I/81pUMGr2+NL._AC_SY450_.jpg","KATHY&BOB",109.95,55,"6,047.25","251,067","CN","n/a",1,4.5,35,7,5,"KBhome","Home & Kitchen","n/a","MFN","14.5x35.3x8.1","n/a","3/17/2022"
"Sofa Table, 3 Tiers TV Console TV Stand Long Sofa Table with Storage Shelves for Hallyway, Living Room, 55 Inch","B0B55XQHFZ","https://www.amazon.com/dp/B0B55XQHFZ?psc=1","https://m.media-amazon.com/images/I/71Eq+-C6wrL._AC_SY450_.jpg","Tribesigns",149.99,232,"34,797.68","110,198","CN",62.13,1,4.7,800,7,11,"USDUSHU","Home & Kitchen","Medium Oversize","MFN","15.5x7.0x61.0",50.01,"11/11/2020"
"IDEALHOUSE Sofa Tables Narrow Long, Extra Long Console Table with Outlets, 73.2"" Behind Couch Table, Grey Farmhouse Entryway Table for Living Room, Hallway, Foyer","B0BRFW8DQ6","https://www.amazon.com/dp/B0BRFW8DQ6?psc=1","https://m.media-amazon.com/images/I/61zenxbCCfL._AC_SY450_.jpg","IDEALHOUSE",99.99,81,"8,099.19","298,090","AMZ",37.75,2,4.3,24,7,7,"Amazon","Home & Kitchen","Small Oversize","AMZ","12.0x40.0x7.0",32.00,"12/31/2022"
"LAATOOREE Console Table, 41.7"" Industrial Entryway Table with Shelf, Narrow Sofa Table for Hallway, Entrance Hall, Foyer, Corridor, Living Room - Wood Look Metal Frame - Black & Rustic Brown","B0B8RNN4K5","https://www.amazon.com/dp/B0B8RNN4K5?psc=1","https://m.media-amazon.com/images/I/71daWbYP1rL._AC_SX679_.jpg","LAATOOREE",49.99,588,"29,394.12","44,062","CN",18.51,1,4.4,259,8,29,"linlai","Home & Kitchen","Large Standard-Size","FBA","12.1x6.4x17.4",14.68,"8/5/2022"
"VANOMi 70.8 Inch Extra Long Console Table for Entryway, Narrow Hallway Table, Wood Sofa Table with 3 Tier Storage Shelves for Living Room","B0B578KXW7","https://www.amazon.com/dp/B0B578KXW7?psc=1","https://m.media-amazon.com/images/I/811T6Efg3IL._AC_SX679_.jpg","VANOMi",172.99,143,"24,737.57","154,090","n/a","n/a",1,4.5,17,8,2,"n/a","Home & Kitchen","n/a","MFN","n/a","n/a","6/27/2022"