"Product Details","ASIN","URL","Image URL","Brand","Price $","Sales","Revenue","BSR","Seller Country/Region","Fees $","Active Sellers #","Ratings","Review Count","Images","Review velocity","Buy Box","Category","Size Tier","Fulfillment","Dimensions","Weight","Creation Date"
"($) Furniouse 37"" W Vanity Desk, Vanity Mirror with Lights and Table Set with 5 Drawers, Vanity Set 3 Lighting Modes Brightness Adjustable for Bedroom Studio","B09Y8RHGQ9","https://www.amazon.com/dp/B09Y8RHGQ9?psc=1","https://m.media-amazon.com/images/I/91-CSUSNshL._AC_SX679_.jpg","Furniouse",199.98,"1,188","237,576.24","33,834","CN",88.53,1,4.3,173,7,13,"Furniouse Direct","Home & Kitchen","Medium Oversize","MFN","27.0x7.5x41.0",95.02,"4/19/2022"
"Ameriwood Home Parsons Desk with Drawer, White , 19.7D x 39W x 30H in","B004CVKVJ8","https://www.amazon.com/dp/B004CVKVJ8?psc=1","https://m.media-amazon.com/images/I/31iqH537hoL._AC_SX466_.jpg","Ameriwood Home",48.29,"1,582","76,394.78","5,204","AMZ","n/a",3,4.2,"15,644",10,80,"Amazon","Home & Kitchen","Small Oversize","AMZ","22.1x4.5x43.7",28.40,"n/a"
"ANWBROAD Makeup Vanity Desk Vanity Table Set with LED Lighted Mirror 3 Lighting Colors Adjustable 5 Storage Shelves Cushioned Stool 2 Big Drawers Dresser Desk for Girls Women White UBDT14W","B0C4YD2SKL","https://www.amazon.com/dp/B0C4YD2SKL?psc=1","https://m.media-amazon.com/images/I/71eO-3fh5iL._AC_SY355_.jpg","ANWBROAD",109.99,"n/a","n/a","156,681","CN","n/a",1,4.6,11,9,0,"ANWBROADDirect","Home & Kitchen","n/a","MFN","n/a","n/a","8/9/2022"
"SMOOL Vanity Desk with Lighted Mirror - Makeup Vanity Table with 3 Color Light Options Adjustable Brightness, Vanity with 6 Storage Shelves, 2 Large Drawers, Vanity Set for Girls Women, Black 43'' L","B0BXCDSZNT","https://www.amazon.com/dp/B0BXCDSZNT?psc=1","https://m.media-amazon.com/images/I/81EE3hzsBRL._AC_SY450_.jpg","SMOOL",149.90,554,"83,044.60","44,003","HK","n/a",1,4.1,31,9,9,"Naboba","Home & Kitchen","n/a","MFN","n/a","n/a","3/3/2023"
"Rovaurx Makeup Vanity Table with Lighted Mirror, Makeup Vanity Desk with Storage Shelf and 4 Drawers, for Mother's Day, Bedroom Dressing Table, 10 LED Lights, White RSZT104W","B09YTTYPRC","https://www.amazon.com/dp/B09YTTYPRC?psc=1","https://m.media-amazon.com/images/I/71Td0HmeyRL._AC_SY450_.jpg","Rovaurx",199.99,546,"109,194.54","83,471","CN",80.13,1,4.3,193,8,-6,"airbuyhome","Home & Kitchen","Medium Oversize","MFN","21.5x41.3x7.5",74.80,"n/a"
"Makeup Vanity Desk with Mirror and Lights, Cute Vanity Makeup Table, Small Vanity Table for Bedroom with Lots Storage, 3 Lighting Modes, 31.5in(L)…","B0BN5MB269","https://www.amazon.com/dp/B0BN5MB269?psc=1","https://m.media-amazon.com/images/I/71eV2D4yCiL._AC_SX466_.jpg","Vabches",154.99,395,"61,221.05","36,890","CN",57.76,1,4.5,66,7,17,"Toin","Home & Kitchen","Small Oversize","MFN","18.7x36.8x8.5",60.00,"11/12/2022"
"Rovaurx Makeup Vanity with 3-Color Dimmable Lighted Mirror, Large Vanity Table with Side Storage Shelf & 4 Drawers, for Mother's Day, Bedroom Dressing Desk, Brightness Adjustable, White RSZT107W","B0BRPZ9GB7","https://www.amazon.com/dp/B0BRPZ9GB7?psc=1","https://m.media-amazon.com/images/I/71lf6LsEoqL._AC_SX425_.jpg","Rovaurx",189.99,222,"42,177.78","166,444","CN",81.15,1,4.1,20,7,7,"airbuyhome","Home & Kitchen","Medium Oversize","MFN","27.2x35.4x8.3",81.00,"n/a"
"Tiptiper Large Makeup Vanity with Lights, Vanity Table with Charging Station Vanity Desk with Mirror and 10 LED Light Bulbs, Makeup Table with with 5 Drawers, Nightstand and Storage Shelves, White","B0BFHTCLQ9","https://www.amazon.com/dp/B0BFHTCLQ9?psc=1","https://m.media-amazon.com/images/I/71NmWMd8eyL._AC_SX425_.jpg","Tiptiper",255.99,469,"120,059.31","46,539","CN",93.29,1,3.9,56,8,8,"outdoorly","Home & Kitchen","Medium Oversize","MFN","22.0x34.6x9.8",92.60,"9/16/2022"
"Tvilum Desk with 4 Drawers, White","B08B6WT2TT","https://www.amazon.com/dp/B08B6WT2TT?psc=1","https://m.media-amazon.com/images/I/7123TWOO7ZL._AC_SX466_.jpg","Tvilum",135.85,701,"95,230.85","86,669","AMZ",59.24,1,4.1,"1,237",6,31,"Amazon","Home & Kitchen","Small Oversize","AMZ","26.0x6.4x51.0",68.01,"6/15/2020"
"VOWNER Vanity Desk with Mirror and Lights - Vanity with 3 Lighting Options, Adjustable Brightness, Vanity Set with 5 Sliding Drawers, Shelves and Vanity Stool, Corner Vanity for Women Girls, Black 43""","B0B4SJBHSZ","https://www.amazon.com/dp/B0B4SJBHSZ?psc=1","https://m.media-amazon.com/images/I/71cBqYL2UjL._AC_SX679_.jpg","VOWNER",199.90,845,"168,915.50","44,302","CN","n/a",1,4.3,265,8,29,"KPRservice store","Home & Kitchen","n/a","MFN","n/a","n/a","6/22/2022"
"($) IRONCK Vanity Desk Set with LED Lighted Mirror & Power Outlet, 7 Drawers Makeup Vanities Dressing Table with Stool, for Bedroom, White","B0BHY23N5M","https://www.amazon.com/dp/B0BHY23N5M?psc=1","https://m.media-amazon.com/images/I/712rHgptPWL._AC_SX425_.jpg","IRONCK",359.99,345,"124,196.55","59,844","CN","n/a",1,3.9,161,9,12,"IRONCK Direct","Home & Kitchen","n/a","MFN","n/a","n/a","10/12/2022"
"($) GruiGevi Vanity Desk, Vanity Table Made of Solid Wood, Features Modern Sintered Marble Top, Rotatable/Removable Touch Screen HD Mirror(3-Brigntness), Vanity Set with Chair, 120cm/47in","B0C3GQ6BT6","https://www.amazon.com/dp/B0C3GQ6BT6?psc=1","https://m.media-amazon.com/images/I/81sbWVWReXL._AC_SX466_.jpg","GruiGevi",599.00,"n/a","n/a","585,062","US","n/a",1,5.0,2,7,1,"GruiGevi","Home & Kitchen","n/a","MFN","n/a","n/a","4/26/2023"
"($) VIVOHOME Makeup Vanity Table Set with 3-Color Dimmable Lighted Mirror, 6 Storage Shelves, 2 Drawers, Cushioned Stool, White","B099W8N4XK","https://www.amazon.com/dp/B099W8N4XK?psc=1","https://m.media-amazon.com/images/I/81IWDNZMKDL._AC_SX425_.jpg","VIVOHOME",249.99,100,"24,999.00","272,490","US",88.07,1,4.2,"1,255",7,12,"VIVOHOME","Home & Kitchen","Medium Oversize","FBA","26.0x5.9x46.5",81.41,"7/20/2021"
"($) IRONCK Vanity Desk with LED Lighted Mirror & Power Outlet, Makeup Table with Drawers & Cabinet,Storage Stool,for Bedroom, White","B0BRXTTVRQ","https://www.amazon.com/dp/B0BRXTTVRQ?psc=1","https://m.media-amazon.com/images/I/61gcemgxLBL._AC_SX522_.jpg","IRONCK",209.99,812,"170,511.88","48,535","CN","n/a",1,4.4,122,9,28,"IRONCK Direct","Home & Kitchen","n/a","MFN","n/a","n/a","1/9/2023"
"AODAILIHB Vanity Desk with Flip Top Mirror and Tool Set Dressing Table Makeup Desk Large Storage Capacity Work and Study Writing Table Bedroom Furniture","B08F9XVBXF","https://www.amazon.com/dp/B08F9XVBXF?psc=1","https://m.media-amazon.com/images/I/71TgaInwumL._AC_SY355_.jpg","AODAILIHB",114.99,120,"13,798.80","224,864","CN","n/a",1,4.5,581,8,174,"Ningboyiyou","Home & Kitchen","n/a","MFN","n/a","n/a","8/22/2020"
"Boahaus Serena Modern Makeup Vanity with Hollywood Lights Bulbs Add-On, 7 Drawers, Wide Hollywood Mirror, Glam Glass Top Vanity, White Vanity Makeup Desk for Bedroom (New Version 04/2023)","B09HV54PPG","https://www.amazon.com/dp/B09HV54PPG?psc=1","https://m.media-amazon.com/images/I/71b8ZCt5uwL._AC_SX466_.jpg","Boahaus",332.83,964,"320,848.12","12,366","US","n/a",3,4.1,971,9,69,"OJCommerce","Tools & Home Improvement","n/a","MFN","n/a","n/a","10/6/2021"
"VIAGDO Makeup Vanity with Lights, Vanity Desk with Mirror & 3 Color Lighting Modes, Vanity Table with Charging Station, Makeup Desk with Drawers and Cabinet, Storage Shelves for Women Girls","B0C466CD5H","https://www.amazon.com/dp/B0C466CD5H?psc=1","https://m.media-amazon.com/images/I/71yW55DtYNL._AC_SX466_.jpg","VIAGDO",189.99,"n/a","n/a","138,273","CN","n/a",1,3.9,13,8,2,"FORMU","Home & Kitchen","n/a","MFN","n/a","n/a","1/2/2023"
"Furniouse 37"" W Vanity Desk, Vanity Mirror with Lights and Table Set with 5 Drawers, Vanity Set 3 Lighting Modes Brightness Adjustable for Bedroom Studio","B09Y8RHGQ9","https://www.amazon.com/dp/B09Y8RHGQ9?psc=1","https://m.media-amazon.com/images/I/91-CSUSNshL._AC_SX679_.jpg","Furniouse",199.98,"1,188","237,576.24","33,834","CN",88.53,1,4.3,173,7,13,"Furniouse Direct","Home & Kitchen","Medium Oversize","MFN","27.0x7.5x41.0",95.02,"4/19/2022"
"($) GruiGevi Vanity Desk, Smart Makeup Vanity of Real Wood with Bluetooth Speaker, Wireless Charging Station&USB Ports, Touch Screen HD Mirror(3brightness), Assembled Vanity with Chair 47.2IN/120CM","B0C3YFR1LD","https://www.amazon.com/dp/B0C3YFR1LD?psc=1","https://m.media-amazon.com/images/I/81rFCrIwRyL._AC_SY450_.jpg","GruiGevi",628.00,"n/a","n/a","340,055","US","n/a",1,5.0,1,7,0,"GruiGevi","Home & Kitchen","n/a","MFN","n/a","n/a","4/26/2023"
"($) Catrimown Computer Desk with Drawers and Hutch, Farmhouse Home Office Desk Writing Table Wood Executive Desk Student Desk with File Drawer for Bedroom, Small Space, White","B0921RRSG4","https://www.amazon.com/dp/B0921RRSG4?psc=1","https://m.media-amazon.com/images/I/61YOeBk46lL._AC_SY450_.jpg","Catrimown",169.99,397,"67,486.03","80,689","CN","n/a",1,4.2,"1,091",7,15,"MOLESUM","Home & Kitchen","n/a","MFN","n/a","n/a","4/8/2021"
"($) AOGLLATI Makeup Vanity with Lights in 3 Colors, White Vanity Desk with Mirror and Lights, Vanity Table with Charging Station, Makeup Desk with Visible Drawers, Hidden and Open Storage Shelves","B0BJZZCMM5","https://www.amazon.com/dp/B0BJZZCMM5?psc=1","https://m.media-amazon.com/images/I/71iZD3HC8VL._AC_SY450_.jpg","AOGLLATI",229.99,385,"88,546.15","65,468","CN","n/a",1,4.0,99,7,2,"CAcaco","Home & Kitchen","n/a","MFN","n/a","n/a","10/21/2022"
"($) IRONCK Vanity Desk Set with LED Lighted Mirror & Power Outlet, Makeup Vanity Table with 4 Drawers,Storage Stool,for Bedroom, Bathroom, White","B0B9768WX1","https://www.amazon.com/dp/B0B9768WX1?psc=1","https://m.media-amazon.com/images/I/71c5daexhtL._AC_SX522_.jpg","IRONCK",169.99,"1,165","198,038.35","33,530","CN","n/a",1,4.4,479,9,74,"IRONCK Direct","Home & Kitchen","n/a","MFN","n/a","n/a","8/10/2022"
"Irontar Vanity Table, Makeup Table with Lighted Mirror, 3 Color Lighting Modes, Brightness Adjustable, Dressing Table with Metal Sliding Drawers, Bedroom Vanity Desk for Women, Girls, White WDT004W","B0BMNWFZSP","https://www.amazon.com/dp/B0BMNWFZSP?psc=1","https://m.media-amazon.com/images/I/71NeaG6RehL._AC_SY450_.jpg","Irontar",239.99,93,"22,319.07","91,659","CN","n/a",1,4.6,3,8,0,"Irontar Direct","Home & Kitchen","n/a","MFN","n/a","n/a","11/17/2022"
"SUPERJARE Vanity Desk with Drawers, 47 inch Computer Desk, Modern Simple Home Office Desks, Makeup Dressing Table for Bedroom - White and Gold","B09J7Q3VCY","https://www.amazon.com/dp/B09J7Q3VCY?psc=1","https://m.media-amazon.com/images/I/51Pdf4XR2aL._AC_SX569_.jpg","SUPERJARE",139.99,678,"94,913.22","43,544","US",50.47,3,4.4,516,7,36,"Superjare Direct","Home & Kitchen","Small Oversize","FBA","25.4x4.3x50.5",47.36,"10/12/2021"
"DWVO Vanity Desk with Mirror and Lights, Makeup Vanity with Lights and Drawers, Vanity Mirror with Lights and Table Set, 3 Color Adjustable Lighting Brightness & Power Outlet, White","B0C3BNCWL1","https://www.amazon.com/dp/B0C3BNCWL1?psc=1","https://m.media-amazon.com/images/I/81F5mDU1gsL._AC_SX466_.jpg","DWVO",195.37,"n/a","n/a","54,555","n/a",63.82,2,4.0,4,8,2,"    Secure transaction     ","Home & Kitchen","Small Oversize","MFN","6.7x18.7x35.2",59.97,"n/a"
"Tvilum Desk with 5 Drawers, White","B08B6X622L","https://www.amazon.com/dp/B08B6X622L?psc=1","https://m.media-amazon.com/images/I/717nx3CS59L._AC_SX522_.jpg","Tvilum",151.00,106,"16,006.00","87,928","AMZ",61.51,2,3.9,634,6,1,"Amazon","Home & Kitchen","Small Oversize","AMZ","21.3x4.5x49.5",67.91,"6/15/2020"
"($) Cozy Castle White Vanity Desk with Charging Station, Makeup Vanity Desk with Mirror and Lights, Vanity Table for Bedroom, Living Room","B0C2CHJJ96","https://www.amazon.com/dp/B0C2CHJJ96?psc=1","https://m.media-amazon.com/images/I/51ciiXKjhQL._AC_SX466_.jpg","Cozy Castle",129.99,"n/a","n/a","n/a","CN","n/a",1,4.6,22,8,4,"cozypshouse","Tools & Home Improvement","n/a","MFN","n/a","n/a","4/13/2023"
"($) Cyclysio Makeup Vanity, Vanity Desk with Mirror and Lights, Vanity Table with Drawers, Makeup Desk with Lights in 3 Color Options Adjustable Brightness, Dressing Table with Stool for Bedroom, Orange","B0C32PQV2L","https://www.amazon.com/dp/B0C32PQV2L?psc=1","https://m.media-amazon.com/images/I/71Khbojd-OL._AC_SX466_.jpg","Cyclysio",199.99,"n/a","n/a","650,496","CN","n/a",1,1.0,1,9,0,"Cyclysio Direct","Home & Kitchen","n/a","MFN","n/a","n/a","4/20/2023"
"($) ODK 39 inch Small Computer Desk with Drawers, Home Office Desk with Adjustable Monitor Stand, Modern Work Study Writing Table Desk, Black","B0BL8XQYCF","https://www.amazon.com/dp/B0BL8XQYCF?psc=1","https://m.media-amazon.com/images/I/710vbZXO-WL._AC_SY355_.jpg","ODK",129.99,712,"92,552.88","41,078","CN",43.93,1,4.3,53,7,11,"Casaottima Store","Home & Kitchen","Small Oversize","FBA","23.4x3.3x44.8",35.46,"11/3/2022"
"AOGLLATI Vanity Desk with Mirror and Lights in 3 Colors, Makeup Vanity with Lights and Drawers,White Vanity Table with Charging Station, Makeup Desk with Unique Separation Design (Modern-White)","B0BR9SCLVF","https://www.amazon.com/dp/B0BR9SCLVF?psc=1","https://m.media-amazon.com/images/I/71kdXMMHrSL._AC_SX466_.jpg","AOGLLATI",179.99,92,"16,559.08","115,381","CN","n/a",1,4.4,14,7,0,"CAcaco","Home & Kitchen","n/a","MFN","n/a","n/a","5/2/2023"
"Makeup Vanity with Lights, 37inch Vanity Desk with Power Strip, 4 Drawers Makeup Table with Lighted Mirror, 3 Lighting Colors, White","B0B87HGLCF","https://www.amazon.com/dp/B0B87HGLCF?psc=1","https://m.media-amazon.com/images/I/71FUfqqTSKL._AC_SX425_.jpg","Vabches",199.50,564,"112,518.00","40,748","CN","n/a",1,4.4,180,8,34,"Betemint","Home & Kitchen","n/a","MFN","n/a","n/a","8/1/2022"
"Fameill Makeup Vanity Desk with Lighted Mirror,Makeup Vanity with Lights,35inch Vanity Table Set with 2 Drawers & Storage Cabinet,3 Color Lighting Brightness Adjustable,Black","B0B2LLHWGV","https://www.amazon.com/dp/B0B2LLHWGV?psc=1","https://m.media-amazon.com/images/I/61VAz0m3zdL._AC_SX569_.jpg","Fameill",175.99,397,"69,868.03","66,062","CN","n/a",1,4.3,194,8,22,"Fameill","Home & Kitchen","n/a","MFN","n/a","n/a","5/28/2022"
"Reettic Makeup Vanity Table with Lighted Mirror, Vanity Desk with Drawers, Bedroom Dressing Table,9 LED Blubs & Adjustable Brightness, for Women, Mother, Girls, White RSZT102W","B097PGDH4B","https://www.amazon.com/dp/B097PGDH4B?psc=1","https://m.media-amazon.com/images/I/51ovbzVU0FL._AC_SX425_.jpg","Reettic",89.99,316,"28,436.84","96,036","CN",41.71,1,4.5,340,7,23,"airbuyhome","Home & Kitchen","Small Oversize","MFN","18.5x34.6x5.9",44.20,"n/a"
"Irontar Makeup Vanity Table, Makeup Table with Large Mirror and 11 LED Lights, Brightness Adjustable, Dressing Table Desk with 4 Drawers, Bedroom Vanity Desk for Girls, Women, White WDT002W","B0B3HZSHTR","https://www.amazon.com/dp/B0B3HZSHTR?psc=1","https://m.media-amazon.com/images/I/81p1fmzGgWL._AC_SX466_.jpg","Irontar",199.99,443,"88,595.57","77,693","CN","n/a",1,4.2,117,9,16,"Irontar Direct","Home & Kitchen","n/a","MFN","n/a","n/a","10/1/2022"
"Roundhill Furniture Moniya White Wood Vanity Table and Stool Set (3415WH) Medium","B01M0UQBDF","https://www.amazon.com/dp/B01M0UQBDF?psc=1","https://m.media-amazon.com/images/I/81CvFRXyYBL._AC_SY355_.jpg","Roundhill Furniture",129.00,364,"46,956.00","93,122","AMZ",54.70,3,4.7,"6,121",4,17,"Amazon","Home & Kitchen","Small Oversize","AMZ","21.0x12.5x32.6",44.61,"n/a"
"Makeup Vanity Table with Lighted Mirror & Power Strip, Vanity Set with Hair Dryer Rack, Lots Storage, 3 Lighting Modes, Brightness Adjustable, 31.5in(L) Black","B0B87SXN31","https://www.amazon.com/dp/B0B87SXN31?psc=1","https://m.media-amazon.com/images/I/71rjaWgbipL._AC_SY450_.jpg","Vabches",137.88,"n/a","n/a","n/a","CN",56.03,1,4.6,352,8,24,"Betemint","Home & Kitchen","Small Oversize","MFN","25.2x36.6x6.5",62.00,"4/26/2022"
"Makeup Vanity Table with Lighted Mirror and Charging Station,Vanity Desk with Drawers and Stool Shelves Makeup Vanity Desk for Bedroom Furniture for Girls Women","B0C1FMW6NB","https://www.amazon.com/dp/B0C1FMW6NB?psc=1","https://m.media-amazon.com/images/I/810iWvAokyL._AC_SX466_.jpg","Generic",199.99,"n/a","n/a","168,347","CN",66.76,1,"n/a",0,6,0,"Jingooo","Home & Kitchen","Small Oversize","FBA","21.5x7.8x35.0",63.01,"4/4/2023"
"Rovaurx 46.7"" Makeup Vanity Table with Lighted Mirror, Large Vanity Desk with Storage Shelf & 5 Drawers, for Mother's Day, Bedroom Dressing Table, 11 LED Lights, Black RSZT106B","B0BNQ67VP3","https://www.amazon.com/dp/B0BNQ67VP3?psc=1","https://m.media-amazon.com/images/I/716gDyCEHnL._AC_SX466_.jpg","Rovaurx",229.99,504,"115,914.96","47,593","CN",90.93,1,4.7,28,7,4,"airbuyhome","Home & Kitchen","Medium Oversize","MFN","24.2x36.6x9.1",89.80,"n/a"
"Novogratz Athena Computer Desk with Storage, White Marble","B07FCTCSYW","https://www.amazon.com/dp/B07FCTCSYW?psc=1","https://m.media-amazon.com/images/I/51NNjurXdoL._AC_SY355_.jpg","Novogratz",68.07,"n/a","n/a","n/a","AMZ",40.10,4,4.5,"4,662",18,13,"Amazon","Home & Kitchen","Small Oversize","AMZ","22.2x7.0x43.5",40.41,"n/a"
"GreenForest Vanity Desk with 2 Drawers Glossy White 39 inch Modern Home Office Computer Desk Makeup Dressing Console Table with Metal Silver Legs for Small Spaces,Without Mirror","B088QXMK61","https://www.amazon.com/dp/B088QXMK61?psc=1","https://m.media-amazon.com/images/I/61amc+01GmL._AC_SX425_.jpg","GreenForest",129.99,628,"81,633.72","52,124","CN",45.61,9,4.4,"2,686",8,18,"GreenWorlds","Home & Kitchen","Small Oversize","FBA","18.0x5.6x44.6",39.41,"3/20/2021"
"FORABAMB Vanity Desk with Mirror and Lights, 3 Lighting Modes, Lighted Makeup Vanity Mirror with Power and USB Ports, Vanity Table with 2 Drawers, Open Storage Cabinet and Adjustable Shelves, White","B0C5MPVXPJ","https://www.amazon.com/dp/B0C5MPVXPJ?psc=1","https://m.media-amazon.com/images/I/81Tljf7L-eL._AC_SY450_.jpg","FORABAMB",179.99,"n/a","n/a","229,423","CN",80.48,1,"n/a",0,7,0,"CAcaco","Home & Kitchen","Medium Oversize","MFN","22.6x31.8x10.8",82.70,"5/18/2023"
"Vanity Desk,Make Vanity Set with Touch Screen Dimming Mirror, 3 Color Lighting Modes, Dressing Table with 3 Sliding Drawers, Modern Bedroom Makeup Table and Cushioned Stool Set for Women Girls","B0BY324TTK","https://www.amazon.com/dp/B0BY324TTK?psc=1","https://m.media-amazon.com/images/I/61HF0b2GcQL._AC_SY450_.jpg","sbdmirau",179.00,240,"42,960.00","58,127","CN",63.88,1,4.2,94,8,-47,"lijunforniture","Home & Kitchen","Small Oversize","FBA","22.0x7.0x34.5",66.01,"1/18/2023"
"Tiptiper Makeup Vanity with Sliding Mirror, White Vanity Desk with Hidden and Open Storage Shelves, Makeup Table with 5 Large Drawers, Modern Vanity Table with Mirror for Bedroom","B0BC34R2ZS","https://www.amazon.com/dp/B0BC34R2ZS?psc=1","https://m.media-amazon.com/images/I/71jMX9VclOL._AC_SX679_.jpg","Tiptiper",159.99,157,"25,118.43","261,957","CN","n/a",1,4.2,296,8,9,"outdoorly","Home & Kitchen","n/a","MFN","n/a","n/a","8/27/2022"
"Rovaurx Makeup Vanity Desk with Mirror and 3-Color Dimmable Lights, Vanity Table with Charging Station & 2 Storage Drawers, Bedroom Dressing Table, White RSZT108W","B0C2T43357","https://www.amazon.com/dp/B0C2T43357?psc=1","https://m.media-amazon.com/images/I/71NlJkGppyL._AC_SX569_.jpg","Rovaurx",119.99,"n/a","n/a","587,777","CN",50.41,1,"n/a",0,7,0,"airbuyhome","Home & Kitchen","Small Oversize","MFN","23.6x35.4x7.1",55.00,"5/11/2023"
"Tiptiper White Makeup Vanity with 10 Light Bulbs, Modern Vanity Desk with Mirror & 3 Lighting Modes, Vanity Table with 2 USB Ports and Outlets, Makeup Desk with Nightstand, Storage Shelves and Drawers","B09X2ZSKYB","https://www.amazon.com/dp/B09X2ZSKYB?psc=1","https://m.media-amazon.com/images/I/71AERbBCqcL._AC_SX569_.jpg","Tiptiper",209.99,502,"105,414.98","68,642","CN","n/a",1,4.4,280,8,13,"Stickto mystyle","Home & Kitchen","n/a","MFN","n/a","n/a","4/25/2022"
"Tiptiper Vanity Table Set with Lighted Tri-Folding Mirror, Makeup Vanity with Lights & 3 Color Lighting Modes, Vanity Desk with Mirror and Cushioned Stool, Makeup Table with 5 Drawers, White","B08RDVQBJ3","https://www.amazon.com/dp/B08RDVQBJ3?psc=1","https://m.media-amazon.com/images/I/71cbjvs8b0L._AC_SX425_.jpg","Tiptiper",121.88,279,"34,004.52","41,688","CN",57.56,1,4.4,"1,403",9,15,"Stickto mystyle","Tools & Home Improvement","Small Oversize","MFN","13.4x34.6x20.5",41.90,"4/23/2022"
"SogesHome Vanity Desk, Makeup Vanity Table with Drawer, Women Girls Makeup Desk Dressing Table for Bedroom, Grey Blue","B0BNKT9H33","https://www.amazon.com/dp/B0BNKT9H33?psc=1","https://m.media-amazon.com/images/I/61CiHEip+vL._AC_SX679_.jpg","SogesHome",69.99,21,"1,469.79","610,761","CN","n/a",1,4.3,6,7,0,"NSDHome","Home & Kitchen","n/a","MFN","n/a","n/a","11/29/2022"
"ANWBROAD Makeup Vanity Desk Vanity Set with Lighted Mirror Makeup Vanity Desk Table Set Large 8 LED Bulbs Frameless Mirror 3 Colors Modes Dimming Cushioned Stool 7 Drawers 3 Dividers White UBDT03W","B0B5DGZX65","https://www.amazon.com/dp/B0B5DGZX65?psc=1","https://m.media-amazon.com/images/I/61cE4P7Zq7L._AC_SX679_.jpg","ANWBROAD",99.99,115,"11,498.85","173,523","CN","n/a",1,4.4,539,9,5,"ANWBROADDirect","Home & Kitchen","n/a","MFN","n/a","n/a","6/27/2022"
"Vanity Set Makeup Dressing Table with Sliding Mirror & 10 Light Bulbs, White Vanity Table with Drawers & Cushioned Stool for Bedroom Modern (05PW)","B0C1KMFSGT","https://www.amazon.com/dp/B0C1KMFSGT?psc=1","https://m.media-amazon.com/images/I/71baMsRs68L._AC_SX466_.jpg","jinruis",185.99,"n/a","n/a","44,492","CN",66.61,1,"n/a",0,7,0,"Jinruis","Home & Kitchen","Medium Oversize","FBA","21.5x8.0x34.5",70.01,"4/5/2023"
"Coleshome 32 Inch Computer Desk, Modern Simple Style Desk for Home Office, Study Student Writing Desk, Black","B0BWJMKQX1","https://www.amazon.com/dp/B0BWJMKQX1?psc=1","https://m.media-amazon.com/images/I/71e1nXjktAL._AC_SX466_.jpg","Coleshome",39.99,"12,904","516,030.96",757,"CN",21.61,1,4.5,"24,330",7,75,"Hui Lan Cheng","Home & Kitchen","Small Oversize","FBA","19.0x2.3x35.0",14.20,"2/22/2023"
"Vanity Desk Set, Makeup Vanity Mirror with Three-Color Adjustable Brightness Lights and Table Stool Set, Modern Wide Space Desktop Dress Up Table with a Power Strip and Two Large Drawers (White)","B0BSL5KDW7","https://www.amazon.com/dp/B0BSL5KDW7?psc=1","https://m.media-amazon.com/images/I/81jH14td+OL._AC_SX466_.jpg","ZOPEND",129.99,37,"4,809.63","1,132,642","CN","n/a",1,3.2,8,7,3,"Gatsly-Direct","Home & Kitchen","n/a","MFN","n/a","n/a","1/18/2023"
"eejdn White Vanity Desk with 3-Color Touch Screen Lighted Mirror, 5 Drawers, Makeup Vanity Table Set with LightsDressing Table for Women Girls","B0BPWTG9QL","https://www.amazon.com/dp/B0BPWTG9QL?psc=1","https://m.media-amazon.com/images/I/81VfJIgae0L._AC_SX466_.jpg","Ieejdn",239.00,316,"75,524.00","60,357","CN",84.87,1,4.3,93,9,17,"MrsM","Home & Kitchen","Medium Oversize","FBA","21.0x7.7x35.0",77.01,"12/13/2022"
"Reettic Vanity Table with Lighted Mirror, Makeup Vanity Desk Set with 2 Storage Drawers, Wooden Bedroom Dressing Table, 9 Lights & Adjustable Brightness, for Women, Mother, Girls, White RSZT101W","B09F37KBKC","https://www.amazon.com/dp/B09F37KBKC?psc=1","https://m.media-amazon.com/images/I/917P5nez70L._AC_SX679_.jpg","Reettic",109.99,77,"8,469.23","254,257","CN",48.49,1,4.5,76,7,7,"airbuyhome","Home & Kitchen","Small Oversize","MFN","18.5x37.4x6.9",53.50,"n/a"
"Irontar Makeup Vanity Table with Charging Station and USB Ports & Power Outlets, Bedroom Vanity Desk with Lights and Mirror for Girls, Women, Makeup Table with Drawer, Black WDT001HE","B0B8N55CWZ","https://www.amazon.com/dp/B0B8N55CWZ?psc=1","https://m.media-amazon.com/images/I/61oE5EVKcQL._AC_SX425_.jpg","Irontar",99.99,213,"21,297.87","151,276","CN","n/a",1,4.4,110,8,13,"Irontar Direct","Home & Kitchen","n/a","MFN","n/a","n/a","8/4/2022"
"Boahaus Freya Modern Makeup Vanity Desk with Wide Hollywood Vanity Mirror with Lights, 7 Drawers, White Non-Glass Top, Basic Knobs, Makeup Desk for Bedroom (New Version 04/2023)","B094YZ7PTL","https://www.amazon.com/dp/B094YZ7PTL?psc=1","https://m.media-amazon.com/images/I/815U6Hrb9iL._AC_SY450_.jpg","Boahaus",299.19,174,"52,059.06","70,444","US",106.85,5,4.2,505,8,3,"OJCommerce","Home & Kitchen","Medium Oversize","MFN","17.0x46.0x7.0",115.00,"5/14/2021"
"BTHFST Large Vanity Desk with Mirror and Lights, Makeup Vanity with Lights and Charging Station, Vanity Table with 5 Drawers and Storage Shelves, Makeup Desk with Nightstand, Black and Gold","B0BTZ59KM4","https://www.amazon.com/dp/B0BTZ59KM4?psc=1","https://m.media-amazon.com/images/I/71Nk+UYw2WL._AC_SX466_.jpg","BTHFST",219.99,18,"3,959.82","345,027","CN","n/a",1,4.6,9,7,2,"zChuang","Home & Kitchen","n/a","MFN","n/a","n/a","2/6/2023"
"Elephance Moveable Vanity Desk with Mirror for Small Spaces, Makeup Dressing Table Computer Desk with Drawers and Shelves for Bedroom","B0BCK8WFMN","https://www.amazon.com/dp/B0BCK8WFMN?psc=1","https://m.media-amazon.com/images/I/61dXJ-xoacL._AC_SY450_.jpg","Elephance",109.99,18,"1,979.82","505,516","US",45.55,1,3.9,10,7,0,"Cheerwing USA","Home & Kitchen","Small Oversize","FBA","19.0x5.5x35.0",46.81,"8/31/2022"
"White Vanity Desk with Mirror and Lights, Vanity Table Makeup Vanity with Lights 3 Drawers and Cabinets, Charging Station & Sliding Door, Lots Storage Shelves","B0C5RW9CPQ","https://www.amazon.com/dp/B0C5RW9CPQ?psc=1","https://m.media-amazon.com/images/I/71ceIZs73JL._AC_SY450_.jpg","Vabches",213.99,"n/a","n/a","156,732","CN","n/a",1,"n/a",0,9,0,"Betemint","Home & Kitchen","n/a","MFN","n/a","n/a","5/19/2023"
"IRONCK Vanity Desk Set with LED Lighted Mirror & Power Outlet, Makeup Vanity Table with 4 Drawers,Storage Stool,for Bedroom, Bathroom, White","B0B9768WX1","https://www.amazon.com/dp/B0B9768WX1?psc=1","https://m.media-amazon.com/images/I/71c5daexhtL._AC_SX522_.jpg","IRONCK",169.99,"1,165","198,038.35","33,530","CN","n/a",1,4.4,479,9,74,"IRONCK Direct","Home & Kitchen","n/a","MFN","n/a","n/a","8/10/2022"
"Nathan James Daisy Vanity Dressing Table or Makeup Desk with 4-Drawers and Brass Accent Knobs, White Wood","B07X776R3H","https://www.amazon.com/dp/B07X776R3H?psc=1","https://m.media-amazon.com/images/I/81Tra5s2SfL._AC_SX466_.jpg","Nathan James",229.99,263,"60,487.37","100,777","AMZ",79.17,1,4.5,"1,943",11,5,"Amazon","Home & Kitchen","Medium Oversize","AMZ","22.1x6.3x46.7",77.02,"8/29/2019"
"($) VINLUZ Indoor Modern Bathroom Vanity Lighting Fixtures,3-Light Brushed Nickel Finish Metal Wall Light Over Mirror with Hammered Glass Shade for Hallway Makeup Table","B09YR1ZWQ2","https://www.amazon.com/dp/B09YR1ZWQ2?psc=1","https://m.media-amazon.com/images/I/61a-aqPE+1L._AC_SX522_.jpg","VINLUZ",125.99,9,"1,133.91","151,636","CN",35.77,1,4.6,7,7,0,"LightingPlus","Tools & Home Improvement","Small Oversize","FBA","10.8x8.3x28.0",8.15,"4/25/2022"
"($) Furmax Big and Tall Office Desk Chair Leather Ergonomic High Back Executive Chair with Lumbar Support Swivel Computer Task Chair with Armrest (Black)","B082GNSV9R","https://www.amazon.com/dp/B082GNSV9R?psc=1","https://m.media-amazon.com/images/I/61a-hjtuzQL._AC_SY450_.jpg","Furmax",114.99,69,"7,934.31","198,340","HK",55.12,1,4.1,229,7,"-4,083","Furmax","Office Products","Small Oversize","MFN","24.0x30.0x13.0",38.00,"3/23/2019"
"($) Hitow Vanity Desk Set with Round Mirror, Makeup Vanity with 5 Drawer & Shelf, Dressing Table with Stool & Jewelry Organizer for Bedroom, White (No Light)","B09HXCPRKM","https://www.amazon.com/dp/B09HXCPRKM?psc=1","https://m.media-amazon.com/images/I/71hh4mTjLEL._AC_SX466_.jpg","Hitow",169.99,91,"15,469.09","229,067","CN","n/a",1,4.6,48,7,34,"Ningbotangxindianzishangwuyouxiangongsi","Home & Kitchen","n/a","MFN","n/a","n/a","11/9/2021"
"($) Taylor Grey Linen Vanity Stool - Nailhead Trim | Roll Back | Button Tufted | Bedroom","B06XHVSQCN","https://www.amazon.com/dp/B06XHVSQCN?psc=1","https://m.media-amazon.com/images/I/91ZMAhkYD5L._AC_SX569_.jpg","Inspired Home",136.00,"n/a","n/a","n/a","US",45.25,5,4.6,222,8,1,"Luxe-Living","Home & Kitchen","Special Oversize","MFN","18.7x19.8x13.8",198.00,"3/9/2017"
"IRONCK Vanity Desk with LED Lighted Mirror & Power Outlet, Makeup Table with Drawers & Cabinet,Storage Stool,for Bedroom, White","B0BRXTTVRQ","https://www.amazon.com/dp/B0BRXTTVRQ?psc=1","https://m.media-amazon.com/images/I/61gcemgxLBL._AC_SX522_.jpg","IRONCK",209.99,812,"170,511.88","48,535","CN","n/a",1,4.4,122,9,28,"IRONCK Direct","Home & Kitchen","n/a","MFN","n/a","n/a","1/9/2023"
"SMOOL Vanity Desk with Lighted Mirror - Makeup Vanity Table with 3 Color Lighting Modes Adjustable Brightness, Makeup Desk with Movable 3-Drawer Chest and Shelves, Vanity Set for Bedroom, Black 43.5""","B0BRCSPM3R","https://www.amazon.com/dp/B0BRCSPM3R?psc=1","https://m.media-amazon.com/images/I/71bL5DeFxyL._AC_SX425_.jpg","SMOOL",169.90,121,"20,557.90","109,939","HK","n/a",1,4.1,34,9,3,"Naboba","Home & Kitchen","n/a","MFN","n/a","n/a","12/31/2022"
"SUPERJARE 35.4"" White and Gold Desk with 2 Drawers, Modern Makeup Vanity Desk with Padded Stool, Small Computer Desk Home Office Desk for Writing Study Bedroom","B0BR3DM8HJ","https://www.amazon.com/dp/B0BR3DM8HJ?psc=1","https://m.media-amazon.com/images/I/61Ry7+A7cGL._AC_SX355_.jpg","SUPERJARE",119.99,413,"49,555.87","72,856","US",43.69,1,4.3,19,8,12,"Superjare Direct","Home & Kitchen","Small Oversize","FBA","18.1x5.8x38.5",38.41,"3/26/2023"
"IRONCK Vanity Desk Set with LED Lighted Mirror & Power Outlet, Flip Top Makeup Vanity Table with Drawers & Cabinet,for Bedroom, Bathroom, Vintage Brown","B0BRXSJY6Z","https://www.amazon.com/dp/B0BRXSJY6Z?psc=1","https://m.media-amazon.com/images/I/81BRXqwAQwL._AC_SY355_.jpg","IRONCK",149.99,145,"21,748.55","87,378","CN","n/a",1,4.4,61,8,10,"IRONCK Direct","Home & Kitchen","n/a","MFN","n/a","n/a","1/9/2023"
"JAXPETY Makeup Vanity Table with Flip up Mirror, Makeup Desk Vanity Desk with Lots Storage for Women Girls, Bedroom Small Space, Black","B0B45JZLC6","https://www.amazon.com/dp/B0B45JZLC6?psc=1","https://m.media-amazon.com/images/I/81mkBm1V2gL._AC_SX425_.jpg","JAXPETY",59.99,21,"1,259.79","335,808","CN","n/a",1,4.3,52,7,2,"JAXPETY","Home & Kitchen","n/a","MFN","n/a","n/a","6/15/2022"
"SUPERJARE Vanity Desk, Makeup Vanity with Stool & Tri-fold Lighted Mirror, Vanity Table Set with 2 Large Drawers - White and Gold","B0BBKDPKCK","https://www.amazon.com/dp/B0BBKDPKCK?psc=1","https://m.media-amazon.com/images/I/610u6Y1tqaL._AC_SY355_.jpg","SUPERJARE",139.99,915,"128,090.85","49,991","US",47.11,4,4.4,366,8,41,"Superjare Direct","Home & Kitchen","Small Oversize","FBA","18.0x5.6x38.3",39.46,"8/23/2022"
"($) MELUCEE 4-Light Matte Black Bathroom Vanity Lights Over Mirror, Modern Vanity Light Fixtures, Farmhouse Wall Sconce with Clear Glass Grid Shades for Bathroom, Vanity Table, Living Room","B09ZRSZVB5","https://www.amazon.com/dp/B09ZRSZVB5?psc=1","https://m.media-amazon.com/images/I/71WeYN1b1vL._AC_SX425_.jpg","MELUCEE",149.99,45,"6,749.55","115,720","CN",39.36,1,4.5,21,8,0,"MELUCEE LIGHTING","Tools & Home Improvement","Small Oversize","FBA","8.6x7.9x36.9",10.30,"7/17/2022"
"($) YAMASORO High Back Ergonomic Office Chair, Velvet Fabric Executive Desk Chair Computer Chair with Lumbar Support for Adults,Beige","B09XM8XB3N","https://www.amazon.com/dp/B09XM8XB3N?psc=1","https://m.media-amazon.com/images/I/71z2usW3HfL._AC_SX466_.jpg","YAMASORO",139.99,"n/a","n/a","n/a","US","n/a",2,4.1,441,7,4,"home office chair","Home & Kitchen","n/a","MFN","n/a","n/a","12/2/2020"
"($) TIFLON Modern Makeup Vanity Set,Dressing Table with Mirror and Stool, Vanity Desk and Chair,Vanity Benches with 2 Solid Wood Drawer,PU Leather,Metal Frame,Side Cabinet,47.24"" (Orange)","B0BWRHZF5B","https://www.amazon.com/dp/B0BWRHZF5B?psc=1","https://m.media-amazon.com/images/I/71XyTCB+QyL._AC_SY450_.jpg","TIFLON",319.99,12,"3,839.88","722,854","CN","n/a",1,5.0,1,8,0,"WqsHome","Home & Kitchen","n/a","MFN","n/a","n/a","2/24/2023"
"($) GM Seating Ribbed Mid-Back Conference Room Chairs - Lumbar Support, Modern Style Executive Chair for Home and Office - 360 Swivel Rolling Wheels - Aluminum Chrome Frame & Base - White","B07WFR24BD","https://www.amazon.com/dp/B07WFR24BD?psc=1","https://m.media-amazon.com/images/I/51M0cQM9WCL._AC_SX466_.jpg","GM Seating",239.00,6,"1,434.00","120,557","US","n/a",1,5.0,1,6,0,"Furn Expo","Office Products","n/a","MFN","n/a","n/a","8/14/2019"
"GreenForest Vanity Desk with Glossy Top 39inch White Desk with Gold Legs 2 Drawers Makeup Dressing Table for Women Girls Best Gift Computer Writing Desk for Home Office, Dark Gold","B09V2PWD25","https://www.amazon.com/dp/B09V2PWD25?psc=1","https://m.media-amazon.com/images/I/61dDYcHXpvL._AC_SX569_.jpg","GreenForest",119.99,66,"7,919.34","283,998","CN",46.63,1,4.4,124,9,0,"GreenWorlds","Home & Kitchen","Small Oversize","FBA","18.8x5.4x42.7",45.21,"3/8/2022"
"LUKYRA Vanity Desk with Drawers, Makeup Table with Storage Cabinet, White and Gold Dressing Table(Without Mirror)","B0BNVFGG7B","https://www.amazon.com/dp/B0BNVFGG7B?psc=1","https://m.media-amazon.com/images/I/71ppTnQAXTL._AC_SX679_.jpg","LUKYRA",229.99,53,"12,189.47","757,563","n/a",69.61,1,4.2,37,9,2,"n/a","Home & Kitchen","Small Oversize","MFN","20.0x35.5x7.9",65.00,"12/2/2022"
"VIAGDO Makeup Vanity with Lights, Vanity Desk with Openable Mirror & 3-Color Dimmable, Vanity Table with Charging Station, Makeup Desk with Visual Drawer, Hooks, Hidden and Open Storage Shelves","B0BVB49G2F","https://www.amazon.com/dp/B0BVB49G2F?psc=1","https://m.media-amazon.com/images/I/81xTZIQ4WwL._AC_SX466_.jpg","VIAGDO",239.99,242,"58,077.58","98,894","CN","n/a",1,4.2,37,9,12,"FORMU","Home & Kitchen","n/a","MFN","n/a","n/a","2/7/2023"
"JOYSOURCE Large Vanity Set with 12 Lights Bulbs, Makeup Vanity Desk Black Vanity Table Set with Cushioned Stool, Makeup Table for Women, Girls, Bedroom","B09NNRSGPP","https://www.amazon.com/dp/B09NNRSGPP?psc=1","https://m.media-amazon.com/images/I/71tK4OwvWFL._AC_SX425_.jpg","JOYSOURCE",167.99,168,"28,222.32","139,972","CN",76.31,2,4.2,142,7,6,"Joy Source","Home & Kitchen","Medium Oversize","FBA","29.5x7.0x36.0",75.01,"12/15/2021"
"($) Furnideco 37"" W Makeup Vanity with Lights,WithVanity Desk with Chair, 5 Drawers Makeup Table with Lighted Mirror, 3 Lighting Colors,for Women Girls, Black","B0C1BPKGDP","https://www.amazon.com/dp/B0C1BPKGDP?psc=1","https://m.media-amazon.com/images/I/9164G9tLrqL._AC_SX569_.jpg","Furnideco",199.99,413,"82,595.87","72,347","CN","n/a",1,4.4,71,7,25,"Furnideco Direct","Home & Kitchen","n/a","MFN","n/a","n/a","1/11/2023"
"($) BELLEZE Modern 45 Inch Makeup Vanity Dressing Table or Home Office Computer Laptop Writing Desk with Two Storage Drawers, Wood Top, and Gold Metal Frame - Chelsea (Gray)","B083NR8MBM","https://www.amazon.com/dp/B083NR8MBM?psc=1","https://m.media-amazon.com/images/I/81CyKE+RezL._AC_SX425_.jpg","BELLEZE",175.99,613,"107,881.87","51,031","US",60.49,1,4.5,"2,746",7,23,"Align Inc.","Home & Kitchen","Small Oversize","MFN","23.2x54.3x6.4",57.76,"1/9/2020"
"($) ukorua White Vanity Desk Wooden Desk with Drawer Modern Desk Computer Desk White Makeup Table with Gold Handle (White)","B0BCYH5KFY","https://www.amazon.com/dp/B0BCYH5KFY?psc=1","https://m.media-amazon.com/images/I/81LedN-p-SL._AC_SY355_.jpg","ukorua",229.00,29,"6,641.00","588,177","CN",60.27,1,4.5,12,6,0,"Ukorua","Home & Kitchen","Small Oversize","FBA","22.5x4.0x48.0",42.41,"9/3/2022"
"($) NSdirect Computer Desk,55"" Home Office Desk with Bookshelf Industrial Study Writing Table with Space Saving Design Modern Simple Style Laptop Table (Rustic Brown)","B09KGVX3X9","https://www.amazon.com/dp/B09KGVX3X9?psc=1","https://m.media-amazon.com/images/I/91A9wBtRfGL._AC_SY450_.jpg","NSdirect",179.99,6,"1,079.94","944,089","CN",61.17,1,4.3,123,9,0,"NSdirect","Home & Kitchen","Small Oversize","FBA","22.0x6.0x48.0",58.01,"10/21/2021"
"EROMMY Modern Makeup Vanity Dressing Table with Wood Top and Metal Frame, Vanity Desk with Drawers for Home Office, Bedroom, Gold-White","B09STJF9GR","https://www.amazon.com/dp/B09STJF9GR?psc=1","https://m.media-amazon.com/images/I/71eULnoGabL._AC_SY450_.jpg","EROMMY",109.99,15,"1,649.85","281,955","US",46.39,1,4.5,221,8,0,"Erommy","Home & Kitchen","Small Oversize","FBA","26.6x5.5x42.9",48.41,"2/18/2022"
"Furmax Vanity Desk Makeup Vanity Table with Lighted Mirror Vanity Set with Modern Desktop, Soft Cushioned Stool, 4 Storage Drawers, 3 Colors Mirror Brightness Adjustable (White)","B0B65K8LKS","https://www.amazon.com/dp/B0B65K8LKS?psc=1","https://m.media-amazon.com/images/I/71TEt1jtUoL._AC_SY450_.jpg","Furmax",109.99,377,"41,466.23","86,546","HK","n/a",1,4.2,62,8,3,"Furmax","Home & Kitchen","n/a","MFN","n/a","n/a","7/9/2022"
"Vanity Desk with Lighted Mirror - Makeup Table with Lights, 3 Color Light Vanity Set, Adjustable Brightness, with Soft Cushioned Stool for Bedroom, 39.4'' L x 18'' W x 49'' H, White","B0BRKWLG4D","https://www.amazon.com/dp/B0BRKWLG4D?psc=1","https://m.media-amazon.com/images/I/71Cq8cSZKcL._AC_SX466_.jpg","SMOOL",104.99,154,"16,168.46","177,661","HK",43.96,1,3.2,15,8,5,"Naboba","Home & Kitchen","Small Oversize","FBA","20.9x7.0x42.0",34.21,"1/3/2023"
"saicheng Girls Vanity Desk with Mirror and Lights, White Makeup Vanity Table with Chair, Dresser Desk with 4 Storage Drawers for Bedroom","B0BWJ8BQKL","https://www.amazon.com/dp/B0BWJ8BQKL?psc=1","https://m.media-amazon.com/images/I/61WnrPeFL0L._AC_SX569_.jpg","saicheng",179.99,"n/a","n/a","108,182","CN","n/a",1,"n/a",0,6,0,"Saicheng","Home & Kitchen","Small Oversize","FBA","22.0x8.0x35.0",66.01,"2/22/2023"
"White Vanity Desk with Mirror and Lights – Makeup Vanity with Lights and Drawers. Girls Vanity Mirror with Lights Desk and Chair with drawers – Vanity Set and Bedroom Vanity Table Makeup Desk Vanities","B0BZ15D1M8","https://www.amazon.com/dp/B0BZ15D1M8?psc=1","https://m.media-amazon.com/images/I/61YMgtcgUwL._AC_SX679_.jpg","Little Homie",214.99,"n/a","n/a","39,839","CA",63.07,2,5.0,1,6,0,"itech Furniture","Home & Kitchen","Small Oversize","FBA","19.5x6.0x32.0",53.01,"4/27/2023"
"DABUTY Vanity Stool with Metal Legs, Cushion Vanity Chair, Dressing Makeup Stool Bench, Black","B0C5CZX7C8","https://www.amazon.com/dp/B0C5CZX7C8?psc=1","https://m.media-amazon.com/images/I/71FhL3LYRaL._AC_SX466_.jpg","DABUTY",45.26,"n/a","n/a","1,258,364","CN","n/a",2,"n/a",0,7,0,"shanxijianglinglingshangmaoyouxiangongsi","Home & Kitchen","n/a","MFN","n/a","n/a","5/16/2023"
"Fameill Makeup Vanity with Lights,Vanity Desk with Drawer,Vanity Table Set with Lighted Mirror,3 Color Dimmable Makeup Desk for Bedroom,White","B0B5DPHPXP","https://www.amazon.com/dp/B0B5DPHPXP?psc=1","https://m.media-amazon.com/images/I/71uE4ySSY6L._AC_SY450_.jpg","Fameill",129.99,199,"25,868.01","118,047","CN","n/a",1,4.5,388,7,17,"Fameill","Home & Kitchen","n/a","MFN","n/a","n/a","6/29/2022"
"Joreipnm Vanity Desk with Mirror, Modern Makeup Vanity Table Set with 5 Storage Drawers and Cushioned Stool for Bedroom, Large Dressing Table for Women Girls","B0C2Q7PH33","https://www.amazon.com/dp/B0C2Q7PH33?psc=1","https://m.media-amazon.com/images/I/71aFlo22HfL._AC_SX522_.jpg","Joreipnm",109.98,2,219.96,"2,330,130","CN","n/a",1,"n/a",0,8,0,"Yun Cheng","Home & Kitchen","n/a","MFN","n/a","n/a","4/18/2023"
"Furinno Efficient Home Laptop Notebook Computer Desk with Square Shelves, Americano/Black","B07HGCM2ZN","https://www.amazon.com/dp/B07HGCM2ZN?psc=1","https://m.media-amazon.com/images/I/414BEHFBYbL._AC_SX522_.jpg","Furinno",27.52,"4,012","110,410.24","18,857","AMZ",24.93,12,4.2,"26,138",7,"-13,365","Amazon","Home & Kitchen","Small Oversize","AMZ","18.0x4.0x31.5",24.15,"9/18/2018"
"usikey Makeup Vanity Table with Large Lighted Mirror, 12 Lights, Vanity Desk with Charging Station, 1 Large Drawer & 4-Drawer Chest, Vanity Table Set with Stool for Bedroom, White","B0BF8SGW23","https://www.amazon.com/dp/B0BF8SGW23?psc=1","https://m.media-amazon.com/images/I/61gNT0y3cjL._AC_SY450_.jpg","usikey",219.99,241,"53,017.59","103,988","CN",94.73,1,4.4,48,9,12,"usikey","Home & Kitchen","Medium Oversize","MFN","30.5x41.1x9.8",104.90,"12/1/2022"
"UEV Large Vanity Desk with Drawers,Makeup Vanity Set with Movable 3-Drawer Chest,Modern Makeup Vanity Dressing Table(White)","B0BPCBPFW2","https://www.amazon.com/dp/B0BPCBPFW2?psc=1","https://m.media-amazon.com/images/I/71zcJeF0eRL._AC_SX679_.jpg","UEV",209.99,93,"19,529.07","224,704","CN","n/a",1,4.7,5,7,0,"UEV","Home & Kitchen","n/a","MFN","n/a","n/a","12/7/2022"
"AOGLLATI Makeup Vanity with Lights in 3 Colors, Vanity Desk with Mirror and Lights, Vanity Table with Charging Station, Makeup Desk with Visible Drawers, Hidden and Open Storage Shelves，Rustic Brown","B0BTYLBRQD","https://www.amazon.com/dp/B0BTYLBRQD?psc=1","https://m.media-amazon.com/images/I/812TimhfEmL._AC_SX425_.jpg","AOGLLATI",239.99,386,"92,636.14","65,468","CN","n/a",1,4.0,99,6,2,"CAcaco","Home & Kitchen","n/a","MFN","n/a","n/a","2/6/2023"
"NeuType Makeup Vanity with Lights, Vanity Desk with Mirror and Lights, Vanity Mirror with Lights and Table Set, White Vanity Desk 2 Drawers Vanity Set with 12 Light Bulbs","B0BQ628GCQ","https://www.amazon.com/dp/B0BQ628GCQ?psc=1","https://m.media-amazon.com/images/I/81Dm78A7CFL._AC_SY355_.jpg","NeuType",149.14,359,"53,541.26","141,580","AMZ",58.56,2,3.9,81,8,15,"Amazon","Home & Kitchen","Small Oversize","AMZ","28.5x6.5x36.5",64.01,"n/a"
"usikey Large Vanity Set with Lighted Mirror & Charging Station, Modern Makeup Table with 2 Drawers, 6 Shelves, 10 Embedded Light Bulbs, Dressing Vanity Table with Cushioned Stool for Bedroom, Brown","B09T6H5Z78","https://www.amazon.com/dp/B09T6H5Z78?psc=1","https://m.media-amazon.com/images/I/71YuaCGUzKL._AC_SX466_.jpg","usikey",179.96,83,"14,936.68","402,021","CN",83.00,1,4.3,111,9,5,"usikey","Home & Kitchen","Medium Oversize","MFN","25.7x48.0x8.4",88.70,"7/20/2022"
"BEWISHOME Vanity Desk with Mirror and Lights, Makeup Vanity with Lights, Black Vanity Set, Makeup Desk with 3 Color Lighting, Vanity Table with Cabinet & 2 Drawers, Dressing Table Makeup Table FST15H","B0BT9STVD7","https://www.amazon.com/dp/B0BT9STVD7?psc=1","https://m.media-amazon.com/images/I/711kJsVXhBL._AC_SY355_.jpg","BEWISHOME",109.99,166,"18,258.34","129,825","CN",50.17,1,4.3,39,9,3,"BEWISHOME","Home & Kitchen","Small Oversize","MFN","19.3x35.0x9.5",57.30,"1/28/2023"
"Tiptiper Vanity Mirror with Lights and Table Set, Makeup Vanity with 3 Color Lighting Modes & Touch Screen, Vanity Desk with Nightstand and Open Shelves, Vanity Table with Storage Drawers","B09WY93R53","https://www.amazon.com/dp/B09WY93R53?psc=1","https://m.media-amazon.com/images/I/61BbK3kSvWL._AC_SX466_.jpg","Tiptiper",186.99,171,"31,975.29","169,713","CN",76.50,1,4.4,103,7,4,"Stickto mystyle","Home & Kitchen","Medium Oversize","MFN","21.0x8.0x35.0",70.70,"4/23/2022"
"Semiocthome White Vanity Mirror with Lights and Table Set with Drawers, 9 LED Lights Makeup Vanity Desk with Stool, Make Up Vanity Mirror lit with Dressing Table and Chair for Bedroom","B09L4BMSCD","https://www.amazon.com/dp/B09L4BMSCD?psc=1","https://m.media-amazon.com/images/I/71cTQMsgqhL._AC_SX522_.jpg","Semiocthome",199.99,110,"21,998.90","278,929","CN",80.47,2,4.2,138,7,0,"win nice","Home & Kitchen","Medium Oversize","FBA","30.5x7.3x43.0",77.01,"11/5/2021"
"Tiptiper Vanity Desk, Makeup Vanity with Lighted Tri-fold Mirror and Stool, Vanity Set with 5 Drawers, 3 Light Settings & Adjustable Brightness, Black","B0B7ZL9GPP","https://www.amazon.com/dp/B0B7ZL9GPP?psc=1","https://m.media-amazon.com/images/I/71gO930l9uL._AC_SX466_.jpg","Tiptiper",115.99,396,"45,932.04","78,691","CN",55.69,1,4.4,760,7,18,"outdoorly","Home & Kitchen","Small Oversize","MFN","13.4x34.6x20.5",41.90,"7/29/2022"
"SMOOL Makeup Vanity Desk with Lights - Vanity with 3 Color Lighting Modes Adjustable Brightness, Vanity Table with 5 Rotating Drawers 10 Light Bulbs and Shelves, Vanity Set for Women Girls, Black","B09XHM5VGF","https://www.amazon.com/dp/B09XHM5VGF?psc=1","https://m.media-amazon.com/images/I/71Mp2HqXiQL._AC_SX679_.jpg","SMOOL",199.98,265,"52,994.70","98,289","HK",63.67,1,4.3,337,8,10,"Naboba","Home & Kitchen","Small Oversize","MFN","24.6x46.9x4.7",57.54,"4/8/2022"
"URKNO Computer Desk with 3 Drawers, 42"" Wood Writing Desk for Home Office, Modern Simple Style Laptop Study Table, Makeup Vanity Console Table, Metal Frame, Easy Assembly, Dark Brown","B09DL2ZLS9","https://www.amazon.com/dp/B09DL2ZLS9?psc=1","https://m.media-amazon.com/images/I/61ActgBXVaL._AC_SY450_.jpg","URKNO",99.99,178,"17,798.22","160,469","CN","n/a",1,4.4,368,8,5,"Funi Mart","Home & Kitchen","n/a","MFN","n/a","n/a","8/25/2021"
"IRONCK Vanity Desk Set with LED Lighted Mirror & Power Outlet, 7 Drawers Makeup Vanities Dressing Table with Stool, for Bedroom, White","B0BHY23N5M","https://www.amazon.com/dp/B0BHY23N5M?psc=1","https://m.media-amazon.com/images/I/712rHgptPWL._AC_SX425_.jpg","IRONCK",359.99,345,"124,196.55","59,844","CN","n/a",1,3.9,161,9,12,"IRONCK Direct","Home & Kitchen","n/a","MFN","n/a","n/a","10/12/2022"
"AGOTENI Large Vanity Table Set Makeup Vanity Dressing Table with Mirror, 5 Drawers & Shelves, Dresser Desk and Cushioned Stool Set (White Slidding Lighted Mirror)","B0BFLFZTZ3","https://www.amazon.com/dp/B0BFLFZTZ3?psc=1","https://m.media-amazon.com/images/I/713eNCNV72L._AC_SX679_.jpg","AGOTENI",279.99,379,"106,116.21","97,167","CN","n/a",1,4.0,110,7,11,"AGOTENI","Home & Kitchen","n/a","MFN","n/a","n/a","9/18/2022"
"Roundhill Furniture Ashley Wood Make-Up Vanity Table and Stool Set, White","B00QMKH3NE","https://www.amazon.com/dp/B00QMKH3NE?psc=1","https://m.media-amazon.com/images/I/91rHzCe2mzL._AC_SY355_.jpg","Roundhill Furniture",158.00,44,"6,952.00","329,803","AMZ",75.93,2,4.3,"2,326",4,4,"Amazon","Home & Kitchen","Medium Oversize","AMZ","13.5x35.5x23.0",63.00,"n/a"
"31.5'' Makeup Vanity with Lighte Mirror, Vanity Desk Dressing Table Set with Charging Station, Large Drawers and Stool for Girls and Women, White","B0BR6G1TBV","https://www.amazon.com/dp/B0BR6G1TBV?psc=1","https://m.media-amazon.com/images/I/61MY1lYKPzL._AC_SX522_.jpg","Generic",196.29,19,"3,729.51","463,350","CN",66.65,1,1.5,2,7,0,"Jansaimei","Home & Kitchen","Medium Oversize","FBA","21.0x8.0x35.0",70.01,"5/11/2022"
"AOGLLATI Makeup Vanity Set with Lights & Charging Station, Vanity Desk with Mirror and Lights, White Makeup Desk with Cushioned Stool, Visible Drawers, Jewelry Organizers, Open Storage Shelves","B0C58KMMZ1","https://www.amazon.com/dp/B0C58KMMZ1?psc=1","https://m.media-amazon.com/images/I/81L3wzWUJnL._AC_SY450_.jpg","AOGLLATI",239.99,"n/a","n/a","178,794","CN","n/a",1,4.4,9,6,0,"CAcaco","Home & Kitchen","n/a","MFN","n/a","n/a","5/15/2023"
"Vanity Desk Makeup Table with Large LED Mirror and Power Outlet, Lighted Dressing Desk and Cushioned Stool Set for Bedroom with Slidding Storage, 1 Drawer & Cabinet, Black + Antique","B0C3D5TS5T","https://www.amazon.com/dp/B0C3D5TS5T?psc=1","https://m.media-amazon.com/images/I/71EowOlynVL._AC_SY450_.jpg","SMOOL",219.99,"n/a","n/a","321,759","HK","n/a",1,"n/a",0,8,0,"Naboba","Home & Kitchen","n/a","MFN","n/a","n/a","4/24/2023"
"Treocho Computer Desk with USB Charging Ports and Power Outlets, Modern Simple 40 inch Vanity Desk with 2 Drawers, Makeup Table for Home Office, Bedroom, White and Gold","B0BP7GWNSQ","https://www.amazon.com/dp/B0BP7GWNSQ?psc=1","https://m.media-amazon.com/images/I/61Ck7CS0FcL._AC_SX679_.jpg","Treocho",139.99,260,"36,397.40","112,145","CN",50.05,1,4.4,107,5,5,"Treocho","Home & Kitchen","Small Oversize","FBA","23.9x5.3x44.3",46.26,"12/6/2022"
"GruiGevi Vanity Desk, Vanity Table Made of Solid Wood, Features Modern Sintered Marble Top, Rotatable/Removable Touch Screen HD Mirror(3-Brigntness), Vanity Set with Chair, 120cm/47in","B0C3GQ6BT6","https://www.amazon.com/dp/B0C3GQ6BT6?psc=1","https://m.media-amazon.com/images/I/81sbWVWReXL._AC_SX466_.jpg","GruiGevi",599.00,"n/a","n/a","585,062","US","n/a",1,5.0,2,7,1,"GruiGevi","Home & Kitchen","n/a","MFN","n/a","n/a","4/26/2023"
"YAMISSI Dressing Table Vanity with Lighted Mirror, Vanity Set with USB Charge Station, Soft Cushion, Large Capacity Cosmetic Desk for Girls, Teens, Women. Suit for Bedroom. White","B0BWH4QM2M","https://www.amazon.com/dp/B0BWH4QM2M?psc=1","https://m.media-amazon.com/images/I/71K-X6yFCHL._AC_SX679_.jpg","YAMISSI",216.59,13,"2,815.67","528,526","CN",70.37,1,5.0,2,6,0,"Yamissi","Home & Kitchen","Medium Oversize","FBA","21.7x8.3x34.0",70.01,"2/22/2023"
"ADORNEVE Modern Makeup Vanity with Lights and Charging Station, Vanity Mirror with Lights in 3 Colors, Large Vanity Table with Nightstand Makeup Desk with 5 Drawers & Storage Shelves, Black and Gold","B0BTT1GSTN","https://www.amazon.com/dp/B0BTT1GSTN?psc=1","https://m.media-amazon.com/images/I/71iwqdCEfTL._AC_SY450_.jpg","ADORNEVE",219.99,38,"8,359.62","408,675","CN",89.69,1,4.6,8,8,1,"TFUS Household Direct","Home & Kitchen","Medium Oversize","MFN","22.0x34.6x9.8",92.60,"2/3/2023"
"FUFU&GAGA Vanity Set Makeup Vanity Dressing Table with Sliding Mirror, 4 Drawers & Shelves, Dresser Desk and Cushioned Stool Set (White/Grey)","B09783DVC3","https://www.amazon.com/dp/B09783DVC3?psc=1","https://m.media-amazon.com/images/I/61563e4H3+L._AC_SY450_.jpg","FUFU&GAGA",179.99,283,"50,937.17","207,071","CN",75.87,1,3.8,508,7,3,"FUFU&GAGA Furniture Store","Home & Kitchen","Medium Oversize","MFN","22.0x37.0x8.0",72.00,"7/6/2021"
"Makeup Vanity with Lights, 37inch Vanity Desk, 4 Large Drawers Dresser with Lighted Mirror, 3 Lighting Modes Brightness Adjustable, White","B09CPLNDQ3","https://www.amazon.com/dp/B09CPLNDQ3?psc=1","https://m.media-amazon.com/images/I/71w1KE8mexL._AC_SX425_.jpg","Vabches",185.98,383,"71,230.34","58,026","CN",85.17,1,4.5,446,6,8,"Betemint","Home & Kitchen","Medium Oversize","MFN","26.7x42.0x7.5",91.20,"8/16/2021"
"Makeup Vanity with Lights, Vanity Desk with Mirror and Lights Set, Large Drawer and Two-Tier Lots Storage Cabinet Dresser, 3 Lighting Modes Adjustable Brightness, Makeup Table for Bedroom, White","B096VGNY22","https://www.amazon.com/dp/B096VGNY22?psc=1","https://m.media-amazon.com/images/I/61f3lksn3XL._AC_SY355_.jpg","Vabches",156.99,242,"37,991.58","125,753","CN","n/a",1,4.6,499,9,20,"Loie","Home & Kitchen","n/a","MFN","n/a","n/a","4/22/2023"
"Cozy Castle White Vanity Desk with Mirror and Lights, Makeup Desk with Storage Cabinet, Small Vanity Table for Bedroom","B0BJKBNRXX","https://www.amazon.com/dp/B0BJKBNRXX?psc=1","https://m.media-amazon.com/images/I/718DmHRKy-L._AC_SX425_.jpg","Cozy Castle",99.99,35,"3,499.65","210,338","CN","n/a",1,4.6,22,7,5,"cozypshouse","Home & Kitchen","n/a","MFN","n/a","n/a","10/18/2022"
"Makeup Vanity with Lighted Mirror & Outlet Charging Station, White Vanity Set Makeup Table, 3 Lighting Colors, Brightness Adjustable, 31.5in(W)","B0BS112XTQ","https://www.amazon.com/dp/B0BS112XTQ?psc=1","https://m.media-amazon.com/images/I/7198uhdEvWL._AC_SX679_.jpg","Titoni",137.99,124,"17,110.76","147,854","CN","n/a",1,4.3,37,8,0,"Betemint","Home & Kitchen","n/a","MFN","n/a","n/a","1/6/2023"
"FURINNO Jaya Writing Desk Black","B01HT4ZHX4","https://www.amazon.com/dp/B01HT4ZHX4?psc=1","https://m.media-amazon.com/images/I/61uH1lfy5OL._AC_SX466_.jpg","Furinno",40.53,"n/a","n/a","n/a","AMZ",27.99,12,3.8,"4,140",7,"-17,892","Amazon","Home & Kitchen","Small Oversize","AMZ","20.1x2.6x42.5",29.36,"6/30/2016"
"Homsee Vanity Desk Set Makeup Table with Large Sliding Lighted Mirror, Dressing Table with 5 Drawers, Storage Shelves & Cushioned Stool for Bedroom, Black","B0BCG4P7SN","https://www.amazon.com/dp/B0BCG4P7SN?psc=1","https://m.media-amazon.com/images/I/71PqiOkc+qL._AC_SY450_.jpg","Homsee",279.99,113,"31,638.87","222,246","CN","n/a",1,4.1,61,7,5,"HOMSEE Official Store","Home & Kitchen","n/a","MFN","n/a","n/a","8/30/2022"
"Tiptiper Makeup Vanity with Lights & Charging Station, Vanity Desk with Mirror and Lights, Vanity Table with Time Display Mirror, Ambient Light, Storage Cabinets, Rustic Brown and Black","B0BJ9D7GLG","https://www.amazon.com/dp/B0BJ9D7GLG?psc=1","https://m.media-amazon.com/images/I/81DAIIMRQqL._AC_SY450_.jpg","Tiptiper",269.99,230,"62,097.70","126,582","CN","n/a",1,4.1,79,8,15,"Stickto mystyle","Home & Kitchen","n/a","MFN","n/a","n/a","10/15/2022"