"Product Details","ASIN","URL","Image URL","Brand","Price $","Sales","Revenue","BSR","Seller Country/Region","Fees $","Active Sellers #","Ratings","Review Count","Images","Review velocity","Buy Box","Category","Size Tier","Fulfillment","Dimensions","Weight","Creation Date"
"($) Furniouse 37"" W Vanity Desk, Vanity Mirror with Lights and Table Set with 5 Drawers, Vanity Set 3 Lighting Modes Brightness Adjustable for Bedroom Studio","B09Y8RHGQ9","https://www.amazon.com/dp/B09Y8RHGQ9?psc=1","https://m.media-amazon.com/images/I/91-CSUSNshL._AC_SX679_.jpg","Furniouse",199.98,"1,188","237,576.24","33,834","CN",88.53,1,4.3,173,7,13,"Furniouse Direct","Home & Kitchen","Medium Oversize","MFN","27.0x7.5x41.0",95.02,"4/19/2022"
"Rovaurx 46.7"" Makeup Vanity Table with Lighted Mirror, Large Vanity Desk with Storage Shelf & 5 Drawers, Bedroom Dressing Table, 11 LED Lights, White RSZT106W","B0BNQ437Z2","https://www.amazon.com/dp/B0BNQ437Z2?psc=1","https://m.media-amazon.com/images/I/71u7QUAwwHL._AC_SY450_.jpg","Rovaurx",229.99,503,"115,684.97","47,593","CN",89.43,1,4.5,38,7,6,"airbuyhome","Home & Kitchen","Medium Oversize","MFN","24.2x36.6x9.1",89.80,"n/a"
"ANWBROAD Makeup Vanity Desk Vanity Table Set with LED Lighted Mirror 3 Lighting Colors Adjustable 5 Storage Shelves Cushioned Stool 2 Big Drawers Dresser Desk for Girls Women White UBDT14W","B0C4YD2SKL","https://www.amazon.com/dp/B0C4YD2SKL?psc=1","https://m.media-amazon.com/images/I/71eO-3fh5iL._AC_SY355_.jpg","ANWBROAD",109.99,"n/a","n/a","156,681","CN","n/a",1,4.6,11,9,0,"ANWBROADDirect","Home & Kitchen","n/a","MFN","n/a","n/a","8/9/2022"
"SMOOL Vanity Desk with Lighted Mirror - Makeup Vanity Table with 3 Color Light Options Adjustable Brightness, Vanity with 6 Storage Shelves, 2 Large Drawers, Vanity Set for Girls Women, White 43'' L","B0BRCR6TFM","https://www.amazon.com/dp/B0BRCR6TFM?psc=1","https://m.media-amazon.com/images/I/81SJ5TMJbHL._AC_SX569_.jpg","SMOOL",155.90,550,"85,745.00","44,003","HK","n/a",1,4.1,31,9,12,"Naboba","Home & Kitchen","n/a","MFN","n/a","n/a","12/30/2022"
"VOWNER Vanity with Lights - Vanity Desk with 3 Color Lighting Options, Brightness Adjustable, Vanity Table with 5 Rotating Drawers, Shelves and Stool, Corner Vanity for Women Girls, Black 43“ L","B0BJV5DWCW","https://www.amazon.com/dp/B0BJV5DWCW?psc=1","https://m.media-amazon.com/images/I/71OQee3mLxL._AC_SX466_.jpg","VOWNER",199.90,845,"168,915.50","44,302","CN",188.48,1,4.3,265,8,29,"KPRservice store","Home & Kitchen","Special Oversize","MFN","24.4x47.3x58.6",58.60,"10/20/2022"
"Makeup Vanity Desk with Round Mirror and Lights, White Vanity Makeup Table, Small Vanity Table for Bedroom with Lots Storage, 3 Lighting Modes, 31.5in(L)","B0BN5LQ2NP","https://www.amazon.com/dp/B0BN5LQ2NP?psc=1","https://m.media-amazon.com/images/I/A1In9gsOmzL._AC_SX522_.jpg","Vabches",154.00,395,"60,830.00","36,890","CN",57.61,1,4.5,66,8,17,"Toin","Home & Kitchen","Small Oversize","MFN","18.7x36.8x8.5",60.00,"11/12/2022"
"Vanity Set Makeup Dressing Table with Sliding Mirror & 10 Light Bulbs, White Vanity Table with Drawers & Cushioned Stool for Bedroom Modern (05US)","B0C1KX2HV6","https://www.amazon.com/dp/B0C1KX2HV6?psc=1","https://m.media-amazon.com/images/I/61Mxes6pE-L._AC_SX466_.jpg","jinruis",182.99,"n/a","n/a","44,492","CN",62.16,1,"n/a",0,7,0,"Jinruis","Home & Kitchen","Medium Oversize","FBA","21.5x8.5x34.5",70.01,"4/5/2023"
"Makeup Vanity with Lighted Mirror & Outlet Charging Station, White Vanity Set Makeup Table, 3 Lighting Colors, Brightness Adjustable, 31.5in(W)","B0BS112XTQ","https://www.amazon.com/dp/B0BS112XTQ?psc=1","https://m.media-amazon.com/images/I/7198uhdEvWL._AC_SX679_.jpg","Titoni",137.99,124,"17,110.76","147,854","CN","n/a",1,4.3,37,8,0,"Betemint","Home & Kitchen","n/a","MFN","n/a","n/a","1/6/2023"
"VIAGDO Makeup Vanity with Lights, Vanity Desk with Mirror & 3 Color Lighting Modes, Vanity Table with Charging Station, Makeup Desk with Drawers and Cabinet, Storage Shelves for Women Girls","B0C466CD5H","https://www.amazon.com/dp/B0C466CD5H?psc=1","https://m.media-amazon.com/images/I/71yW55DtYNL._AC_SX466_.jpg","VIAGDO",189.99,"n/a","n/a","138,273","CN","n/a",1,3.9,13,8,2,"FORMU","Home & Kitchen","n/a","MFN","n/a","n/a","1/2/2023"
"Boahaus Serena Modern Makeup Vanity with Hollywood Lights Bulbs Add-On, 7 Drawers, Wide Hollywood Mirror, Glam Glass Top Vanity, White Vanity Makeup Desk for Bedroom (New Version 04/2023)","B09HV54PPG","https://www.amazon.com/dp/B09HV54PPG?psc=1","https://m.media-amazon.com/images/I/71b8ZCt5uwL._AC_SX466_.jpg","Boahaus",332.83,964,"320,848.12","12,366","US","n/a",3,4.1,971,9,69,"OJCommerce","Tools & Home Improvement","n/a","MFN","n/a","n/a","10/6/2021"
"($) IRONCK Vanity Desk Set with LED Lighted Mirror & Power Outlet, 7 Drawers Makeup Vanities Dressing Table with Stool, for Bedroom, White","B0BHY23N5M","https://www.amazon.com/dp/B0BHY23N5M?psc=1","https://m.media-amazon.com/images/I/712rHgptPWL._AC_SX425_.jpg","IRONCK",359.99,345,"124,196.55","59,844","CN","n/a",1,3.9,161,9,12,"IRONCK Direct","Home & Kitchen","n/a","MFN","n/a","n/a","10/12/2022"
"Makeup Vanity with Lighted Mirror & Power Outlet, White Vanity Set Vanity Desk, Clearance Makeup Vanity 3 Lighting Colors, Brightness Adjustable, 31.5in(W)","B0BQR1TWRL","https://www.amazon.com/dp/B0BQR1TWRL?psc=1","https://m.media-amazon.com/images/I/71CV0xEUjoL._AC_SX466_.jpg","Vabches",139.99,309,"43,256.91","66,283","CN","n/a",1,4.2,40,9,27,"Betemint","Home & Kitchen","n/a","MFN","n/a","n/a","12/21/2022"
"Rovaurx Makeup Vanity Table with Lighted Mirror, Makeup Vanity Desk with Storage Shelf and 4 Drawers, for Mother's Day, Bedroom Dressing Table, 10 LED Lights, White RSZT104W","B09YTTYPRC","https://www.amazon.com/dp/B09YTTYPRC?psc=1","https://m.media-amazon.com/images/I/71Td0HmeyRL._AC_SY450_.jpg","Rovaurx",199.99,546,"109,194.54","83,471","CN",80.13,1,4.3,193,8,-6,"airbuyhome","Home & Kitchen","Medium Oversize","MFN","21.5x41.3x7.5",74.80,"n/a"
"White Vanity Desk with Mirror and Lights – Makeup Vanity with Lights and Drawers. Girls Vanity Mirror with Lights Desk and Chair with drawers – Vanity Set and Bedroom Vanity Table Makeup Desk Vanities","B0BZ15D1M8","https://www.amazon.com/dp/B0BZ15D1M8?psc=1","https://m.media-amazon.com/images/I/61YMgtcgUwL._AC_SX679_.jpg","Little Homie",214.99,"n/a","n/a","39,839","CA",63.07,2,5.0,1,6,0,"itech Furniture","Home & Kitchen","Small Oversize","FBA","19.5x6.0x32.0",53.01,"4/27/2023"
"Fameill Makeup Vanity Desk with Lighted Mirror,Makeup Vanity with Lights,35inch Vanity Table Set with 2 Drawers & Storage Cabinet,3 Color Lighting Brightness Adjustable,White","B0B2LKK8P3","https://www.amazon.com/dp/B0B2LKK8P3?psc=1","https://m.media-amazon.com/images/I/71sHVHNIhFL._AC_SY355_.jpg","Fameill",175.99,402,"70,747.98","66,062","CN","n/a",1,4.3,194,9,22,"Fameill","Home & Kitchen","n/a","MFN","n/a","n/a","5/28/2022"
"($) IRONCK Vanity Desk with LED Lighted Mirror & Power Outlet, Makeup Table with Drawers & Cabinet,Storage Stool,for Bedroom, White","B0BRXTTVRQ","https://www.amazon.com/dp/B0BRXTTVRQ?psc=1","https://m.media-amazon.com/images/I/61gcemgxLBL._AC_SX522_.jpg","IRONCK",209.99,812,"170,511.88","48,535","CN","n/a",1,4.4,122,9,28,"IRONCK Direct","Home & Kitchen","n/a","MFN","n/a","n/a","1/9/2023"
"($) LVSOMT Vanity Desk with Touch Screen Lighted Mirror, Corner Vanity Desk Set Dressing Table with Earrings Stands, 5 Drawers & Cushioned Stool for Bedroom Small Spaces, Women Girls (White)","B0B62M7ZFZ","https://www.amazon.com/dp/B0B62M7ZFZ?psc=1","https://m.media-amazon.com/images/I/81JYoEUahEL._AC_SX466_.jpg","LVSOMT",179.99,42,"7,559.58","580,161","CN",80.48,1,4.4,48,8,4,"RUMAY","Home & Kitchen","Medium Oversize","MFN","34.6x34.8x7.0",82.70,"7/8/2022"
"($) AOGLLATI Makeup Vanity with Lights in 3 Colors, Vanity Desk with Mirror and Lights, Vanity Table with Charging Station, Makeup Desk with Visible Drawers, Hidden and Open Storage Shelves (Modern-Black)","B0BSGWGFTR","https://www.amazon.com/dp/B0BSGWGFTR?psc=1","https://m.media-amazon.com/images/I/71p9S7LTP3L._AC_SX679_.jpg","AOGLLATI",229.99,384,"88,316.16","65,468","CN","n/a",1,4.0,99,6,-2,"CAcaco","Home & Kitchen","n/a","MFN","n/a","n/a","2/19/2023"
"($) Bell+Modern Sonoma 60 inch Glossy White Double Bath Vanity and Carrara Marble Top","B08NGHL2VF","https://www.amazon.com/dp/B08NGHL2VF?psc=1","https://m.media-amazon.com/images/I/61werEE7JoL._AC_SY450_.jpg","Bell+Modern","1,659.00",2,"3,318.00","829,539","US","n/a",1,"n/a",0,7,0,"Bell and Modern","Tools & Home Improvement","n/a","MFN","n/a","n/a","6/25/2020"
"Reettic Vanity Table with Lighted Mirror, Makeup Vanity Desk Set with 2 Storage Drawers, Wooden Bedroom Dressing Table, 9 Lights & Adjustable Brightness, for Women, Mother, Girls, White RSZT101W","B09F37KBKC","https://www.amazon.com/dp/B09F37KBKC?psc=1","https://m.media-amazon.com/images/I/917P5nez70L._AC_SX679_.jpg","Reettic",109.99,77,"8,469.23","254,257","CN",48.49,1,4.5,76,7,7,"airbuyhome","Home & Kitchen","Small Oversize","MFN","18.5x37.4x6.9",53.50,"n/a"
"Irontar Vanity Table, Makeup Table with Lighted Mirror, 3 Color Lighting Modes, Brightness Adjustable, Dressing Table with Metal Sliding Drawers, Bedroom Vanity Desk for Women, Girls, White WDT004W","B0BMNWFZSP","https://www.amazon.com/dp/B0BMNWFZSP?psc=1","https://m.media-amazon.com/images/I/71NeaG6RehL._AC_SY450_.jpg","Irontar",239.99,93,"22,319.07","91,659","CN","n/a",1,4.6,3,8,0,"Irontar Direct","Home & Kitchen","n/a","MFN","n/a","n/a","11/17/2022"
"ARIEL Bristol 43"" Inch White Bathroom Vanity | Center Rectangle Sink | 1.5"" Inch Edge Pure White Quartz Countertop | 2 Soft-Closing Doors & 3 Dovetail Full Extension Drawers | Polished Chrome Hardware","B09TCJ8VJF","https://www.amazon.com/dp/B09TCJ8VJF?psc=1","https://m.media-amazon.com/images/I/413EpWGDbdL._AC_SY450_.jpg","ARIEL","1,039.00","n/a","n/a","440,885","n/a","n/a",1,"n/a",0,"n/a",0,"n/a","Tools & Home Improvement","n/a","n/a","n/a","n/a","2/24/2022"
"Tiptiper Large Makeup Vanity with Lights, Vanity Table with Charging Station Vanity Desk with Mirror and 10 LED Light Bulbs, Makeup Table with with 5 Drawers, Nightstand and Storage Shelves, White","B0BFHTCLQ9","https://www.amazon.com/dp/B0BFHTCLQ9?psc=1","https://m.media-amazon.com/images/I/71NmWMd8eyL._AC_SX425_.jpg","Tiptiper",255.99,469,"120,059.31","46,539","CN",93.29,1,3.9,56,8,8,"outdoorly","Home & Kitchen","Medium Oversize","MFN","22.0x34.6x9.8",92.60,"9/16/2022"
"($) Furnideco 37"" W Makeup Vanity with Lights,WithVanity Desk with Chair, 5 Drawers Makeup Table with Lighted Mirror, 3 Lighting Colors,for Women Girls, Black","B0C1BPKGDP","https://www.amazon.com/dp/B0C1BPKGDP?psc=1","https://m.media-amazon.com/images/I/9164G9tLrqL._AC_SX569_.jpg","Furnideco",199.99,413,"82,595.87","72,347","CN","n/a",1,4.4,71,7,25,"Furnideco Direct","Home & Kitchen","n/a","MFN","n/a","n/a","1/11/2023"
"($) usikey Large Vanity Table Set with Lighted Mirror & Charging Station, Makeup Vanity Dressing Table with 4 Storage Shelves and 4 Drawers, Vanity Desk with 3-Drawer Chest and Cushioned Stool, White","B0B7BTSJS8","https://www.amazon.com/dp/B0B7BTSJS8?psc=1","https://m.media-amazon.com/images/I/61LNBluTjuL._AC_SX679_.jpg","usikey",199.99,206,"41,197.94","101,841","CN",89.79,1,4.5,56,9,7,"usikey","Home & Kitchen","Medium Oversize","MFN","28.3x35.0x10.6",97.40,"10/7/2022"
"($) IRONCK Vanity Desk Set with LED Lighted Mirror & Power Outlet, Makeup Vanity Table with 4 Drawers,Storage Stool,for Bedroom, Bathroom, White","B0B9768WX1","https://www.amazon.com/dp/B0B9768WX1?psc=1","https://m.media-amazon.com/images/I/71c5daexhtL._AC_SX522_.jpg","IRONCK",169.99,"1,165","198,038.35","33,530","CN","n/a",1,4.4,479,9,74,"IRONCK Direct","Home & Kitchen","n/a","MFN","n/a","n/a","8/10/2022"
"($) Tojump Modern Dressing Table Vanity Table with Lighted Mirror, Makeup Vanity Set with Drawers and Stool, White Finish (H05)","B0BRSDRS7D","https://www.amazon.com/dp/B0BRSDRS7D?psc=1","https://m.media-amazon.com/images/I/61TyT1+qXKL._AC_SX425_.jpg","Tojump",185.99,3,557.97,"1,492,294","CN",66.34,1,1.8,31,7,1,"jumptoo","Home & Kitchen","Small Oversize","FBA","21.0x7.0x34.0",67.01,"1/6/2023"
"Makeup Vanity Desk with Lights, 3 Lighting Colors, White Vanity Set Makeup Table with 3 Drawers, 2 Cabinets and Multiple Shelves, Large Vanity 45.2in(L)","B0BMZZSYCF","https://www.amazon.com/dp/B0BMZZSYCF?psc=1","https://m.media-amazon.com/images/I/91qja2I7jYL._AC_SX466_.jpg","Vabches",219.89,745,"163,818.05","39,035","CN","n/a",1,4.5,89,9,14,"Betemint","Home & Kitchen","n/a","MFN","n/a","n/a","11/21/2022"
"Makeup Vanity with Lights, 37inch Vanity Desk with Power Strip, 4 Drawers Makeup Table with Lighted Mirror, 3 Lighting Colors, White","B0B87HGLCF","https://www.amazon.com/dp/B0B87HGLCF?psc=1","https://m.media-amazon.com/images/I/71FUfqqTSKL._AC_SX425_.jpg","Vabches",199.50,564,"112,518.00","40,748","CN","n/a",1,4.4,180,8,34,"Betemint","Home & Kitchen","n/a","MFN","n/a","n/a","8/1/2022"
"Furniouse 37"" W Vanity Desk, Vanity Mirror with Lights and Table Set with 5 Drawers, Vanity Set 3 Lighting Modes Brightness Adjustable for Bedroom Studio","B09Y8RHGQ9","https://www.amazon.com/dp/B09Y8RHGQ9?psc=1","https://m.media-amazon.com/images/I/91-CSUSNshL._AC_SX679_.jpg","Furniouse",199.98,"1,188","237,576.24","33,834","CN",88.53,1,4.3,173,7,13,"Furniouse Direct","Home & Kitchen","Medium Oversize","MFN","27.0x7.5x41.0",95.02,"4/19/2022"
"saicheng Girls Vanity Desk with Mirror and Lights, White Makeup Vanity Table with Chair, Dresser Desk with 4 Storage Drawers for Bedroom","B0BWJ8BQKL","https://www.amazon.com/dp/B0BWJ8BQKL?psc=1","https://m.media-amazon.com/images/I/61WnrPeFL0L._AC_SX569_.jpg","saicheng",179.99,"n/a","n/a","108,182","CN","n/a",1,"n/a",0,6,0,"Saicheng","Home & Kitchen","Small Oversize","FBA","22.0x8.0x35.0",66.01,"2/22/2023"
"($) Wildhome Vanity Set with Lighted Mirror,Vanity Desk with 2 Drawers,Makeup Vanity Dressing Table with 9 Lights for Women, Dresser Desk Vanity Set for Bedroom,with Cushioned Stool,Gold (White)","B0BRLW9D1Z","https://www.amazon.com/dp/B0BRLW9D1Z?psc=1","https://m.media-amazon.com/images/I/91DPGxBMwML._AC_SY450_.jpg","Wildhome",189.99,49,"9,309.51","204,128","CN",65.11,2,3.3,4,7,0,"Wildhome","Home & Kitchen","Small Oversize","MFN","29.3x39.4x7.7",64.56,"1/4/2023"
"($) WJFORLION Vanity Set with Lighted Mirror, 43'' Makeup Vanity with 3 Lighting Colors & Power Outlet, 7 Drawers, Storage Shelves, White Vanity and Girls Makeup Vanity for Bedroom","B0C4FJ13TC","https://www.amazon.com/dp/B0C4FJ13TC?psc=1","https://m.media-amazon.com/images/I/713lhsnVvgL._AC_SX569_.jpg","WJFORLION",289.90,"n/a","n/a","149,722","CN","n/a",1,"n/a",0,7,0,"fortunecatc","Tools & Home Improvement","n/a","MFN","n/a","n/a","5/5/2023"
"AOGLLATI Vanity Desk with Mirror and Lights in 3 Colors, Makeup Vanity with Lights and Drawers,White Vanity Table with Charging Station, Makeup Desk with Unique Separation Design (Modern-White)","B0BR9SCLVF","https://www.amazon.com/dp/B0BR9SCLVF?psc=1","https://m.media-amazon.com/images/I/71kdXMMHrSL._AC_SX466_.jpg","AOGLLATI",179.99,92,"16,559.08","115,381","CN","n/a",1,4.4,14,7,0,"CAcaco","Home & Kitchen","n/a","MFN","n/a","n/a","5/2/2023"
"ANWBROAD Makeup Vanity Desk Vanity Set with Lighted Mirror Makeup Vanity Desk Table Set Large 8 LED Bulbs Frameless Mirror 3 Colors Modes Dimming Cushioned Stool 7 Drawers 3 Dividers White UBDT03W","B0B5DGZX65","https://www.amazon.com/dp/B0B5DGZX65?psc=1","https://m.media-amazon.com/images/I/61cE4P7Zq7L._AC_SX679_.jpg","ANWBROAD",99.99,115,"11,498.85","173,523","CN","n/a",1,4.4,539,9,5,"ANWBROADDirect","Home & Kitchen","n/a","MFN","n/a","n/a","6/27/2022"
"White Makeup Vanity Desk with Lights and Power Strip, Lighted Mirror Vanity Table with 3-Color Dimmable,5 Drawers Large Makeup Table with Hair Dryer Rack and Lots Storage,39.4in(L)","B0C1MC9R7D","https://www.amazon.com/dp/B0C1MC9R7D?psc=1","https://m.media-amazon.com/images/I/717oEwKx+pL._AC_SY450_.jpg","Vabches",199.99,"n/a","n/a","n/a","CN","n/a",1,4.0,52,8,7,"Loie","Home & Kitchen","n/a","MFN","n/a","n/a","4/6/2023"
"BEWISHOME Vanity Desk with Mirror and Lights, Makeup Vanity with Lights, White Vanity Set, Makeup Desk with 3 Color Lighting, Vanity Table with Cabinet & 2 Drawers, Dressing Table Makeup Table FST15M","B0BGPLBQP9","https://www.amazon.com/dp/B0BGPLBQP9?psc=1","https://m.media-amazon.com/images/I/61SS4-azdYL._AC_SY450_.jpg","BEWISHOME",119.99,166,"19,918.34","129,825","CN",51.67,1,4.3,39,8,1,"BEWISHOME","Home & Kitchen","Small Oversize","MFN","19.3x35.0x9.5",57.30,"9/28/2022"
"Rovaurx Makeup Vanity with 3-Color Dimmable Lighted Mirror, Large Vanity Table with Side Storage Shelf & 4 Drawers, for Mother's Day, Bedroom Dressing Desk, Brightness Adjustable, White RSZT107W","B0BRPZ9GB7","https://www.amazon.com/dp/B0BRPZ9GB7?psc=1","https://m.media-amazon.com/images/I/71lf6LsEoqL._AC_SX425_.jpg","Rovaurx",189.99,222,"42,177.78","166,444","CN",81.15,1,4.1,20,7,7,"airbuyhome","Home & Kitchen","Medium Oversize","MFN","27.2x35.4x8.3",81.00,"n/a"
"Tiptiper Vintage Makeup Vanity with Lights in 3 Colors, Vanity Table with Charging Station of 2 USB Ports and Outlets, Vanity Desk with Large Mirror, Drawers and Shelves, Rustic Brown and Black","B09X325GJD","https://www.amazon.com/dp/B09X325GJD?psc=1","https://m.media-amazon.com/images/I/81qRpmzyc6L._AC_SX569_.jpg","Tiptiper",199.99,502,"100,394.98","68,642","CN","n/a",1,4.4,280,8,13,"Stickto mystyle","Home & Kitchen","n/a","MFN","n/a","n/a","4/25/2022"
"Irontar Makeup Vanity Table, Makeup Table with Large Mirror and 11 LED Lights, Brightness Adjustable, Dressing Table Desk with 4 Drawers, Bedroom Vanity Desk for Girls, Women, White WDT002W","B0B3HZSHTR","https://www.amazon.com/dp/B0B3HZSHTR?psc=1","https://m.media-amazon.com/images/I/81p1fmzGgWL._AC_SX466_.jpg","Irontar",199.99,443,"88,595.57","77,693","CN","n/a",1,4.2,117,9,16,"Irontar Direct","Home & Kitchen","n/a","MFN","n/a","n/a","10/1/2022"
"Likein Corner Makeup Vanity Desk with Mirror and Lights, Bedroom Vanity Table with Lighted Mirror 5 Drawers and Storage Shelf for Women Girls White","B0BGQPPHDR","https://www.amazon.com/dp/B0BGQPPHDR?psc=1","https://m.media-amazon.com/images/I/61+pjad9hrL._AC_SX425_.jpg","Likein",159.98,144,"23,037.12","181,610","CN","n/a",2,4.2,49,7,4,"AMZOOM-US","Home & Kitchen","n/a","MFN","n/a","n/a","9/28/2022"
"SONGMICS Jewelry Cabinet Armoire, Wall/Door Mount Storage Organizer with Full-Length Frameless Mirror, Lockable Cabinet with Built-in Small Mirror, Shelves, Gift Idea, White UJJC003W01","B08GYVJXHQ","https://www.amazon.com/dp/B08GYVJXHQ?psc=1","https://m.media-amazon.com/images/I/71YEkLidVML._AC_SY450_.jpg","SONGMICS",59.49,990,"58,895.10","17,110","AMZ",35.45,2,4.6,"1,783",7,47,"Amazon","Clothing, Shoes & Jewelry","Small Oversize","AMZ","17.5x7.0x46.0",24.65,"8/29/2020"
"DCA 25 PCS Clear Plastic Drawer Organizer Tray for Makeup, Kitchen Utensils, Jewelries and Gadgets","B0BFWG2G5N","https://www.amazon.com/dp/B0BFWG2G5N?psc=1","https://m.media-amazon.com/images/I/71mbx23lVRL._AC_SX466_PIbundle-25,TopRight,0,0_SH20_.jpg","DCA",15.96,"2,144","34,218.24","16,585","CN",9.88,1,4.5,169,9,35,"DCA-STORE","Home & Kitchen","Large Standard-Size","FBA","7.9x6.7x9.3",3.68,"9/20/2022"
"Cozy Castle White Vanity Desk with Mirror and Lights, Makeup Desk with Storage Cabinet, Small Vanity Table for Bedroom","B0BJKBNRXX","https://www.amazon.com/dp/B0BJKBNRXX?psc=1","https://m.media-amazon.com/images/I/718DmHRKy-L._AC_SX425_.jpg","Cozy Castle",99.99,35,"3,499.65","210,338","CN","n/a",1,4.6,22,7,5,"cozypshouse","Home & Kitchen","n/a","MFN","n/a","n/a","10/18/2022"
"Makeup Vanity Table with Lighted Mirror & Power Strip, White Vanity Set with Hair Dryer Rack, Lots Storage, 3 Lighting Modes, Brightness Adjustable, 31.5in(L)","B09YTVTJ5F","https://www.amazon.com/dp/B09YTVTJ5F?psc=1","https://m.media-amazon.com/images/I/711rvjjQSmL._AC_SX450_.jpg","Vabches",141.98,"n/a","n/a","n/a","CN",180.78,1,4.6,352,7,26,"Betemint","Home & Kitchen","Special Oversize","MFN","15.8x31.5x57.7",57.00,"4/27/2022"
"Vanity Desk,Make Vanity Set with Touch Screen Dimming Mirror, 3 Color Lighting Modes, Dressing Table with 3 Sliding Drawers, Modern Bedroom Makeup Table and Cushioned Stool Set for Women Girls","B0BY324TTK","https://www.amazon.com/dp/B0BY324TTK?psc=1","https://m.media-amazon.com/images/I/61HF0b2GcQL._AC_SY450_.jpg","sbdmirau",179.00,240,"42,960.00","58,127","CN",63.88,1,4.2,94,8,-47,"lijunforniture","Home & Kitchen","Small Oversize","FBA","22.0x7.0x34.5",66.01,"1/18/2023"
"Furmax Vanity Desk Makeup Vanity Table with Lighted Mirror Vanity Set with Modern Desktop, Soft Cushioned Stool, 4 Storage Drawers, 3 Colors Mirror Brightness Adjustable (White)","B0B65K8LKS","https://www.amazon.com/dp/B0B65K8LKS?psc=1","https://m.media-amazon.com/images/I/71TEt1jtUoL._AC_SY450_.jpg","Furmax",109.99,377,"41,466.23","86,546","HK","n/a",1,4.2,62,8,3,"Furmax","Home & Kitchen","n/a","MFN","n/a","n/a","7/9/2022"
"Vanity Desk with Mirror and Lights Makeup Vanity with Lights and Tri-Folding Mirror,Vanity Table with Lights,Makeup Vanity with Drawers,Vanity Mirror with Lights Desk and Chair Makeup Desk for Girl","B08929P192","https://www.amazon.com/dp/B08929P192?psc=1","https://m.media-amazon.com/images/I/71b7N-TAbnL._AC_SX569_.jpg","Desunny",129.99,355,"46,146.45","74,528","CN",58.21,1,4.4,319,7,17,"Desunny","Home & Kitchen","Small Oversize","MFN","20.7x13.5x34.5",45.01,"5/22/2020"
"usikey Vanity Desk with Mirror & Lights for Mother's Day, Makeup Vanity Table with 2 Drawers, 6 Storage Shelves & 10 Light Bulbs, Vanity Table Set with Stool for Women Girls, Bedroom, White","B07SHQXFWN","https://www.amazon.com/dp/B07SHQXFWN?psc=1","https://m.media-amazon.com/images/I/51eO+ntMDMS._AC_SX466_.jpg","usikey",149.99,459,"68,845.41","71,280","CN",73.47,1,4.3,"2,265",8,17,"usikey","Home & Kitchen","Medium Oversize","MFN","24.4x48.4x6.5",76.80,"9/26/2020"
"Makeup Vanity Set with Lighted Mirror and Table Set, Dressing Table with 6 Drawers, White","B0BWJC2QD3","https://www.amazon.com/dp/B0BWJC2QD3?psc=1","https://m.media-amazon.com/images/I/61xLbMNk+oL._AC_SX466_.jpg","Saihemei",179.00,"n/a","n/a","851,088","CN",64.30,1,1.0,1,6,0,"Saihemei","Home & Kitchen","Small Oversize","FBA","21.5x7.8x35.0",67.01,"11/21/2022"
"Tiptiper Large Vanity Table with Lighted Mirror & Charging Station, Makeup Table Vanity Dresser with 10 LED Light, 5 Drawers, Storage Shelves and Cabinet Drawer Chest for Women Girls, White","B09WZSVJBT","https://www.amazon.com/dp/B09WZSVJBT?psc=1","https://m.media-amazon.com/images/I/71HjNXym-WL._AC_SX466_.jpg","Tiptiper",209.99,366,"76,856.34","71,564","CN",84.07,1,4.2,278,8,13,"outdoorly","Home & Kitchen","Medium Oversize","MFN","22.8x33.0x9.4",81.50,"4/1/2022"
"Irontar Makeup Vanity Table with Charging Station and USB Ports & Power Outlets, Bedroom Vanity Desk with Lights and Mirror for Girls, Women, Makeup Table with Drawer, Black WDT001HE","B0B8N55CWZ","https://www.amazon.com/dp/B0B8N55CWZ?psc=1","https://m.media-amazon.com/images/I/61oE5EVKcQL._AC_SX425_.jpg","Irontar",99.99,213,"21,297.87","151,276","CN","n/a",1,4.4,110,8,13,"Irontar Direct","Home & Kitchen","n/a","MFN","n/a","n/a","8/4/2022"
"AOGLLATI Makeup Vanity with Lights in 3 Colors, White Vanity Desk with Mirror and Lights, Vanity Table with Charging Station, Makeup Desk with Visible Drawers, Hidden and Open Storage Shelves","B0BJZZCMM5","https://www.amazon.com/dp/B0BJZZCMM5?psc=1","https://m.media-amazon.com/images/I/71iZD3HC8VL._AC_SY450_.jpg","AOGLLATI",229.99,385,"88,546.15","65,468","CN","n/a",1,4.0,99,7,2,"CAcaco","Home & Kitchen","n/a","MFN","n/a","n/a","10/21/2022"
"IRONCK Vanity Desk Set with LED Lighted Mirror & Power Outlet, Makeup Vanity Table with 4 Drawers,Storage Bench,for Bedroom, Bathroom, Vintage Brown","B0B979631X","https://www.amazon.com/dp/B0B979631X?psc=1","https://m.media-amazon.com/images/I/819uyuihdEL._AC_SY450_.jpg","IRONCK",189.99,"1,165","221,338.35","33,530","CN","n/a",1,4.4,479,9,75,"IRONCK Direct","Home & Kitchen","n/a","MFN","n/a","n/a","8/10/2022"
"shuang qing Rotating Makeup Organizer for Vanity 3 Tier, High-Capacity Skincare Clear Make Up Storage Perfume Organizers Cosmetic Dresser Organizer Countertop 360 Spinning （Gold）","B0BRZ7M5Y3","https://www.amazon.com/dp/B0BRZ7M5Y3?psc=1","https://m.media-amazon.com/images/I/71OsakgkaGL._AC_SX679_.jpg","shuang qing",29.99,"2,790","83,672.10","5,141","CN",11.99,1,4.7,137,8,55,"SHUANG QING","Beauty & Personal Care","Large Standard-Size","FBA","9.3x5.7x9.3",2.34,"1/10/2023"
"Reettic Makeup Vanity Table with Lighted Mirror, Vanity Desk with Drawers, Bedroom Dressing Table,9 LED Blubs & Adjustable Brightness, for Women, Mother, Girls, White RSZT102W","B097PGDH4B","https://www.amazon.com/dp/B097PGDH4B?psc=1","https://m.media-amazon.com/images/I/51ovbzVU0FL._AC_SX425_.jpg","Reettic",89.99,316,"28,436.84","96,036","CN",41.71,1,4.5,340,7,23,"airbuyhome","Home & Kitchen","Small Oversize","MFN","18.5x34.6x5.9",44.20,"n/a"
"DWVO Vanity Desk with Mirror and Lights, Makeup Vanity with Lights and Drawers, Vanity Mirror with Lights and Table Set, 3 Color Adjustable Lighting Brightness & Power Outlet, White","B0C3BNCWL1","https://www.amazon.com/dp/B0C3BNCWL1?psc=1","https://m.media-amazon.com/images/I/81F5mDU1gsL._AC_SX466_.jpg","DWVO",195.37,"n/a","n/a","54,555","n/a",63.82,2,4.0,4,8,2,"    Secure transaction     ","Home & Kitchen","Small Oversize","MFN","6.7x18.7x35.2",59.97,"n/a"
"AGOTENI Large Vanity Table Set Makeup Vanity Dressing Table with Mirror, 5 Drawers & Shelves, Dresser Desk and Cushioned Stool Set (White Slidding Lighted Mirror)","B0BFLFZTZ3","https://www.amazon.com/dp/B0BFLFZTZ3?psc=1","https://m.media-amazon.com/images/I/713eNCNV72L._AC_SX679_.jpg","AGOTENI",279.99,379,"106,116.21","97,167","CN","n/a",1,4.0,110,7,11,"AGOTENI","Home & Kitchen","n/a","MFN","n/a","n/a","9/18/2022"
"PAKASEPT Vanity Set with Lighted Mirror, 43'' Makeup Vanity with Charging Station, Vanity Desk with 9PCS LED Bulb, Storage Shelves, 7 Drawers for Bedroom(No Stool)","B0BVLZWTZM","https://www.amazon.com/dp/B0BVLZWTZM?psc=1","https://m.media-amazon.com/images/I/71LIR65i2NL._AC_SX569_.jpg","PAKASEPT",279.90,282,"78,931.80","121,469","n/a","n/a",1,4.2,19,7,4,"n/a","Home & Kitchen","n/a","MFN","n/a","n/a","2/13/2023"
"Makeup Vanity Desk with Lights and 4 Drawers, White Vanity Set Makeup Table Lots Storage, 3 Lighting Colors, Large Size 39.4in(L)","B0BKFH7YGZ","https://www.amazon.com/dp/B0BKFH7YGZ?psc=1","https://m.media-amazon.com/images/I/71mDAoJTqnL._AC_SY355_.jpg","Vabches",189.98,253,"48,064.94","98,076","CN","n/a",1,4.3,69,9,5,"Toin","Home & Kitchen","n/a","MFN","n/a","n/a","10/25/2022"
"($) Bell+Modern Ketchum 80 inch White Vanity Cabinet Only","B09R4V7VX6","https://www.amazon.com/dp/B09R4V7VX6?psc=1","https://m.media-amazon.com/images/I/61JMscPwkDL._AC_SX466_.jpg","Bell+Modern","1,749.00",2,"3,498.00","979,323","US","n/a",1,"n/a",0,9,0,"Bell and Modern","Tools & Home Improvement","n/a","MFN","n/a","n/a","6/25/2020"
"($) Bell+Modern Sonoma 60 inch Glossy White Double Bath Vanity and Carrara Marble Top","B08NGHL2VF","https://www.amazon.com/dp/B08NGHL2VF?psc=1","https://m.media-amazon.com/images/I/61werEE7JoL._AC_SY450_.jpg","Bell+Modern","1,659.00",2,"3,318.00","829,539","US","n/a",1,"n/a",0,7,0,"Bell and Modern","Tools & Home Improvement","n/a","MFN","n/a","n/a","6/25/2020"
"($) Bell+Modern Sanibel 72 inch Black and Grey Double Vanity, Castle Grey Marble Tops, White Square Sinks, and 28 inch Frameless Mirrors","B09QJBSRCC","https://www.amazon.com/dp/B09QJBSRCC?psc=1","https://m.media-amazon.com/images/I/71aSc73DkzL._AC_SX522_.jpg","Bell+Modern","2,419.00",2,"4,838.00","980,398","US","n/a",1,"n/a",0,6,0,"Bell and Modern","Tools & Home Improvement","n/a","MFN","n/a","n/a","1/15/2022"
"($) Bell+Modern Big Sur 72 in. W x 22 in. D White Double Bath Vanity, Carrara Marble Top, and 70 in. Mirror","B08NGHW7MS","https://www.amazon.com/dp/B08NGHW7MS?psc=1","https://m.media-amazon.com/images/I/61cIJcDOaiL._AC_SY355_.jpg","Bell+Modern","2,589.00",5,"12,945.00","676,893","US","n/a",1,5.0,1,7,0,"Bell and Modern","Tools & Home Improvement","n/a","MFN","n/a","n/a","6/25/2020"
"usikey Makeup Vanity Table with Large Lighted Mirror, 12 Lights, Vanity Desk with Charging Station, 1 Large Drawer & 4-Drawer Chest, Vanity Table Set with Stool for Bedroom, White","B0BF8SGW23","https://www.amazon.com/dp/B0BF8SGW23?psc=1","https://m.media-amazon.com/images/I/61gNT0y3cjL._AC_SY450_.jpg","usikey",219.99,241,"53,017.59","103,988","CN",94.73,1,4.4,48,9,12,"usikey","Home & Kitchen","Medium Oversize","MFN","30.5x41.1x9.8",104.90,"12/1/2022"
"BJYXO Vanity Set Makeup Vanity Dressing Table with Sliding Lighted Mirror, Makeup Vanity Dressing Table with Cushioned Stool with Touch Light 3 Color Lighting Modes Adjustable Brightness","B0BRN5X22C","https://www.amazon.com/dp/B0BRN5X22C?psc=1","https://m.media-amazon.com/images/I/61Yui40ATpL._AC_SY450_.jpg","BJYXO",259.99,5,"1,299.95","652,489","CN",93.84,1,2.9,14,6,5,"Quedun","Home & Kitchen","Medium Oversize","FBA","25.0x8.0x44.5",91.02,"1/4/2023"
"Boahaus Yara Makeup Vanity Desk with Hollywood Vanity Mirror, Lights, Drawers (White/Black), Custom Knobs, Size, and Top, Vanity Makeup Desk for Bedroom (White Standard (Top Glass), Basic Knobs)","B09HTC4VSW","https://www.amazon.com/dp/B09HTC4VSW?psc=1","https://m.media-amazon.com/images/I/31DpO87H2XL._AC_SX425_.jpg","Boahaus",346.00,553,"191,338.00","19,127","US","n/a",3,4.0,233,8,18,"OJCommerce","Tools & Home Improvement","n/a","MFN","n/a","n/a","10/6/2021"
"Vanity Mirror Table Set, Makeup Desk Vanity with Stool, Vintage Bedroom Vanity Lots Storage Dressing Table White for Women and Girls","B08HZ36NBC","https://www.amazon.com/dp/B08HZ36NBC?psc=1","https://m.media-amazon.com/images/I/61-nYtfzswL._AC_SY355_.jpg","Titoni",89.99,182,"16,378.18","339,110","CN",66.56,1,4.4,253,7,5,"Fameill","Home & Kitchen","Medium Oversize","MFN","20.0x16.0x35.5",52.61,"9/14/2020"
"NeuType Makeup Vanity with Lights, Vanity Desk with Mirror and Lights, Vanity Mirror with Lights and Table Set, White Vanity Desk 2 Drawers Vanity Set with 12 Light Bulbs","B0BQ628GCQ","https://www.amazon.com/dp/B0BQ628GCQ?psc=1","https://m.media-amazon.com/images/I/81Dm78A7CFL._AC_SY355_.jpg","NeuType",149.14,359,"53,541.26","141,580","AMZ",58.56,2,3.9,81,8,15,"Amazon","Home & Kitchen","Small Oversize","AMZ","28.5x6.5x36.5",64.01,"n/a"
"IRONCK Vanity Desk Set with LED Lighted Mirror & Power Outlet, Flip Top Makeup Vanity Table with Drawers & Cabinet,for Bedroom, Bathroom, Vintage Brown","B0BRXSJY6Z","https://www.amazon.com/dp/B0BRXSJY6Z?psc=1","https://m.media-amazon.com/images/I/81BRXqwAQwL._AC_SY355_.jpg","IRONCK",149.99,145,"21,748.55","87,378","CN","n/a",1,4.4,61,8,10,"IRONCK Direct","Home & Kitchen","n/a","MFN","n/a","n/a","1/9/2023"
"SMOOL Vanity with Lighted Mirror, Makeup Vanity Desk with Power Outlet and LED Bulbs, 3 Color Lighting Modes Adjustable Brightness, 7 Drawers Vanity Table with Cushioned Stool for Women Girls, 44'' L","B0C2BZRJ1H","https://www.amazon.com/dp/B0C2BZRJ1H?psc=1","https://m.media-amazon.com/images/I/71mnPGelxoL._AC_SY450_.jpg","SMOOL",262.90,288,"75,715.20","428,352","HK","n/a",1,3.4,3,9,-2,"Naboba","Home & Kitchen","n/a","MFN","n/a","n/a","4/13/2023"
"SMOOL Makeup Vanity Desk with Lights - Vanity with 3 Color Lighting Modes Adjustable Brightness, Vanity Table with 5 Rotating Drawers 10 Light Bulbs and Shelves, Vanity Set for Women Girls, Black","B09XHM5VGF","https://www.amazon.com/dp/B09XHM5VGF?psc=1","https://m.media-amazon.com/images/I/71Mp2HqXiQL._AC_SX679_.jpg","SMOOL",199.98,265,"52,994.70","98,289","HK",63.67,1,4.3,337,8,10,"Naboba","Home & Kitchen","Small Oversize","MFN","24.6x46.9x4.7",57.54,"4/8/2022"
"JAXPETY Makeup Vanity Table with Flip up Mirror, Makeup Desk Vanity Desk with Lots Storage for Women Girls, Bedroom Small Space, Black","B0B45JZLC6","https://www.amazon.com/dp/B0B45JZLC6?psc=1","https://m.media-amazon.com/images/I/81mkBm1V2gL._AC_SX425_.jpg","JAXPETY",59.99,21,"1,259.79","335,808","CN","n/a",1,4.3,52,7,2,"JAXPETY","Home & Kitchen","n/a","MFN","n/a","n/a","6/15/2022"
"AKVOMBI Vanity Table Set Lighted Mirror, 55.9 Inches Makeup Desk with Drawers & 6 Storage Shelves, Padded Stool, White","B09RZRX9RH","https://www.amazon.com/dp/B09RZRX9RH?psc=1","https://m.media-amazon.com/images/I/61oT+X--3sL._AC_SX569_.jpg","AKVOMBI",199.99,198,"39,598.02","205,662","HK",84.48,1,4.6,51,9,11,"KaiChuang Tech Development Limited","Home & Kitchen","Medium Oversize","MFN","6.1x26.2x46.3",82.70,"2/8/2022"
"Makeup Vanity with Lights, 37inch Vanity Desk, 4 Large Drawers Dresser with Lighted Mirror, 3 Lighting Modes Brightness Adjustable, White","B09CPLNDQ3","https://www.amazon.com/dp/B09CPLNDQ3?psc=1","https://m.media-amazon.com/images/I/71w1KE8mexL._AC_SX425_.jpg","Vabches",185.98,383,"71,230.34","58,026","CN",85.17,1,4.5,446,6,8,"Betemint","Home & Kitchen","Medium Oversize","MFN","26.7x42.0x7.5",91.20,"8/16/2021"
"Alohappy Makeup Vanity Set with Mirror & Stool for Girls, Vanity Table and Cushioned Stool Set with 4 Drawers, Wood Dressing Table for Bedroom","B0BM4Y2KK6","https://www.amazon.com/dp/B0BM4Y2KK6?psc=1","https://m.media-amazon.com/images/I/51ininfn36L._AC_SY355_.jpg","Alohappy",87.11,245,"21,341.95","120,703","CN","n/a",1,4.2,51,7,12,"Hengfuyu","Home & Kitchen","n/a","MFN","n/a","n/a","11/11/2022"
"($) IRONCK Vanity Desk Set with Large LED Lighted Mirror & Power Outlet, 7 Drawers Vanities Dressing Makeup Table with Storage Bench, for Bedroom, Industrial Style Vintage Brown","B0BK9R2Q79","https://www.amazon.com/dp/B0BK9R2Q79?psc=1","https://m.media-amazon.com/images/I/91bRVeUfsNL._AC_SX425_.jpg","IRONCK",329.99,345,"113,846.55","59,844","CN","n/a",1,3.9,161,8,12,"IRONCK Direct","Home & Kitchen","n/a","MFN","n/a","n/a","10/24/2022"
"($) DWVO Vanity Desk with Mirror and Lights, Makeup Vanity with Lights and Drawers, Vanity Mirror with Lights and Table Set, 3 Color Adjustable Lighting Brightness & Power Outlet, White","B0C3BNCWL1","https://www.amazon.com/dp/B0C3BNCWL1?psc=1","https://m.media-amazon.com/images/I/81F5mDU1gsL._AC_SX466_.jpg","DWVO",195.37,"n/a","n/a","54,555","n/a",63.82,2,4.0,4,8,2,"    Secure transaction     ","Home & Kitchen","Small Oversize","MFN","6.7x18.7x35.2",59.97,"n/a"
"($) Aurorome Vanity Desk with 3 Drawers, 47.2 inch Makeup Desk for Dressing, Home Office Computer Writing Desk, Sofa Table with Gold Metal Frame, Mid-Century Modern Desk for Bedroom, Entryway, Black","B0BYNQ1XFS","https://www.amazon.com/dp/B0BYNQ1XFS?psc=1","https://m.media-amazon.com/images/I/71dErfkBvaL._AC_SY450_.jpg","Aurorome",129.99,64,"8,319.36","283,963","CN","n/a",1,3.5,2,7,0,"OMIDA","Home & Kitchen","n/a","MFN","n/a","n/a","3/16/2023"
"($) Cyclysio Makeup Vanity, Vanity Desk with Mirror and Lights, Vanity Table with Drawers, Makeup Desk with Lights in 3 Color Options Adjustable Brightness, Dressing Table with Stool for Bedroom, Orange","B0C32PQV2L","https://www.amazon.com/dp/B0C32PQV2L?psc=1","https://m.media-amazon.com/images/I/71Khbojd-OL._AC_SX466_.jpg","Cyclysio",199.99,"n/a","n/a","650,496","CN","n/a",1,1.0,1,9,0,"Cyclysio Direct","Home & Kitchen","n/a","MFN","n/a","n/a","4/20/2023"
"LilyHome Vanity Mirror Makeup Mirror with Lights,10X Magnification,Large Hollywood Lighted Vanity Mirror with 15 Dimmable LED Bulbs,3 Color Modes,Touch Control for Bedroom,Tabletop or Wall-Mounted","B0C364F6Y2","https://www.amazon.com/dp/B0C364F6Y2?psc=1","https://m.media-amazon.com/images/I/61p5QYoIU-L._SX466_.jpg","LilyHome",69.99,"1,048","73,349.52","14,211","AMZ",18.95,1,5.0,26,7,24,"Amazon","Home & Kitchen","Large Standard-Size","AMZ","2.0x13.0x6.0",7.00,"n/a"
"Boahaus Freya Modern Makeup Vanity Desk with Wide Hollywood Vanity Mirror with Lights, 7 Drawers, White Non-Glass Top, Basic Knobs, Makeup Desk for Bedroom (New Version 04/2023)","B094YZ7PTL","https://www.amazon.com/dp/B094YZ7PTL?psc=1","https://m.media-amazon.com/images/I/815U6Hrb9iL._AC_SY450_.jpg","Boahaus",299.19,174,"52,059.06","70,444","US",106.85,5,4.2,505,8,3,"OJCommerce","Home & Kitchen","Medium Oversize","MFN","17.0x46.0x7.0",115.00,"5/14/2021"
"PAKASEPT Makeup Desk with Mirror and Lights, Desk and Chair, Vanity Table Set with Cushioned Stool, Shelves & Drawers, Storage Cabinet for Bedroom, White","B0B3R7RBWX","https://www.amazon.com/dp/B0B3R7RBWX?psc=1","https://m.media-amazon.com/images/I/71us4XldgSL._AC_SX679_.jpg","PAKASEPT",189.97,152,"28,875.44","206,092","n/a",77.79,1,4.4,111,8,8,"n/a","Home & Kitchen","n/a","MFN","n/a","n/a","10/1/2022"
"($) Bell+Modern Tybee 80 inch Espresso Double Bath Vanity and Carrara Marble Top","B08NGJ1BRJ","https://www.amazon.com/dp/B08NGJ1BRJ?psc=1","https://m.media-amazon.com/images/I/41qzKtAhpiL._AC_SY450_.jpg","Bell+Modern","2,329.00",0,0.00,"1,119,965","US","n/a",1,"n/a",0,7,0,"Bell and Modern","Tools & Home Improvement","n/a","MFN","n/a","n/a","6/25/2020"
"($) AOGLLATI Makeup Vanity with Lights in 3 Colors, Vanity Desk with Mirror and Lights, Vanity Table with Charging Station, Makeup Desk with Visible Drawers, Hidden and Open Storage Shelves (Modern-Black)","B0BSGWGFTR","https://www.amazon.com/dp/B0BSGWGFTR?psc=1","https://m.media-amazon.com/images/I/71p9S7LTP3L._AC_SX679_.jpg","AOGLLATI",229.99,384,"88,316.16","65,468","CN","n/a",1,4.0,99,6,-2,"CAcaco","Home & Kitchen","n/a","MFN","n/a","n/a","2/19/2023"
"($) Cozy Castle Corner Vanity Set, Makeup Vanity Desk with Mirror and Lights, Vanity Table with Drawer and Adjustable Shelf for Bedroom, White","B0BRN8LFFT","https://www.amazon.com/dp/B0BRN8LFFT?psc=1","https://m.media-amazon.com/images/I/71y0luVZQoL._AC_SY450_.jpg","Cozy Castle",139.99,22,"3,079.78","489,595","CN","n/a",1,4.4,17,8,1,"cozypshouse","Home & Kitchen","n/a","MFN","n/a","n/a","1/4/2023"
"($) Cyclysio Makeup Vanity, Vanity Desk with Mirror and Lights, Vanity Set with Drawers, Makeup Desk 3 Color Modes Adjustable Brightness, Dressing Table with Cushioned Stool for Bedroom, Pink White","B0BXDR8DDB","https://www.amazon.com/dp/B0BXDR8DDB?psc=1","https://m.media-amazon.com/images/I/71VnGXIVz2L._AC_SX466_.jpg","Cyclysio",229.99,7,"1,609.93","1,242,375","CN","n/a",1,"n/a",0,9,0,"Cyclysio Direct","Home & Kitchen","n/a","MFN","n/a","n/a","3/3/2023"
"LIFTHOME Vanity Mirror Makeup Mirror with Lights,10X Magnification,Large Hollywood Lighted Vanity Mirror with 15 Dimmable LED Bulbs,3 Color Modes,Touch Control for Bedroom,Tabletop or Wall-Mounted","B0C1C65H71","https://www.amazon.com/dp/B0C1C65H71?psc=1","https://m.media-amazon.com/images/I/61PIhzVwcdL._SX425_.jpg","LIFTHOME",57.61,25,"1,440.25","122,277","AMZ",26.35,1,5.0,3,7,0,"Amazon","Home & Kitchen","Small Oversize","AMZ","20.4x5.4x25.1",11.86,"n/a"
"JOYSOURCE Large Vanity Set with 10 Light Bulbs, Black Makeup Vanity Table with Cushioned Stool, Vanity Desk with 3 Shelves & 1 Large Drawer & 1 Storage Cabinet, Dressing Table for Women, Girl, Bedroom","B09QSL5RSB","https://www.amazon.com/dp/B09QSL5RSB?psc=1","https://m.media-amazon.com/images/I/81IyKm+gmvL._AC_SX466_.jpg","JOYSOURCE",164.99,168,"27,718.32","139,972","CN",63.46,1,4.2,142,7,7,"Joy Source","Home & Kitchen","Small Oversize","FBA","23.4x9.1x39.4",69.97,"1/20/2022"
"Cordless Light Filtering Mini Blind - 32 Inch Length, 48 Inch Height, 1"" Slat Size - Pearl White - Cordless GII Morningstar Horizontal Windows Blinds for Interior by Achim Home Decor","B07JPHKHXP","https://www.amazon.com/dp/B07JPHKHXP?psc=1","https://m.media-amazon.com/images/I/71vUglh+-wL._AC_SY450_.jpg","Achim Home Furnishings",21.00,"n/a","n/a","n/a","AMZ",14.14,12,4.2,"43,316",6,283,"Amazon","Home & KitchenHome & Kitchen","Small Oversize","FBA","4.0x1.8x33.0",3.20,"n/a"
"Vanity (Jane Feather's V Series Book 7)","B0032JZODO","https://www.amazon.com/dp/B0032JZODO?psc=1","https://m.media-amazon.com/images/I/51hrl8GzIkL._SY346_.jpg","Jane Feather",4.19,"n/a","n/a","966,609","n/a","n/a",1,4.4,84,1,0,"n/a","Kindle Store","n/a","n/a","n/a","n/a","1/1/2010"
"Novogratz Athena Computer Desk with Storage, White Marble","B07FCTCSYW","https://www.amazon.com/dp/B07FCTCSYW?psc=1","https://m.media-amazon.com/images/I/51NNjurXdoL._AC_SY355_.jpg","Novogratz",68.07,"n/a","n/a","n/a","AMZ",40.10,4,4.5,"4,662",18,13,"Amazon","Home & Kitchen","Small Oversize","AMZ","22.2x7.0x43.5",40.41,"n/a"
"Vanity Desk with Lighted Mirror - Makeup Table with Lights, 3 Color Light Vanity Set, Adjustable Brightness, with Soft Cushioned Stool for Bedroom, 39.4'' L x 18'' W x 49'' H, White","B0BRKWLG4D","https://www.amazon.com/dp/B0BRKWLG4D?psc=1","https://m.media-amazon.com/images/I/71Cq8cSZKcL._AC_SX466_.jpg","SMOOL",104.99,154,"16,168.46","177,661","HK",43.96,1,3.2,15,8,5,"Naboba","Home & Kitchen","Small Oversize","FBA","20.9x7.0x42.0",34.21,"1/3/2023"
"Lucaseone Vanity Makeup Table with Lighted Mirror and Charging Station, Vanity Desk with Storage Drawers and Shelves Makeup Table Cushion Stool (41305USB)","B0C22T5M8G","https://www.amazon.com/dp/B0C22T5M8G?psc=1","https://m.media-amazon.com/images/I/81P9WR-E4TL._AC_SX425_.jpg","Lucaseone",195.20,"n/a","n/a","263,997","CN",67.98,1,"n/a",0,9,0,"Lucaseone","Home & Kitchen","Medium Oversize","FBA","21.5x8.0x35.0",70.01,"4/11/2023"
"Roundhill Furniture Moniys Wood Moniya Makeup Vanity Table and Stool Set, Purple","B078SJ2Q9M","https://www.amazon.com/dp/B078SJ2Q9M?psc=1","https://m.media-amazon.com/images/I/81+JewnqXqL._AC_SY355_.jpg","Roundhill Furniture",112.47,364,"40,939.08","93,122","AMZ",53.06,3,4.7,"6,121",5,9,"Amazon","Home & Kitchen","Small Oversize","AMZ","21.2x12.6x32.9",37.66,"n/a"
"4 PACK Qtip Holder Dispenser for Cotton Ball, Cotton Swab, Cotton Round Pads, Floss Picks - 10 oz Clear Plastic Apothecary Jar Set for Bathroom Canister Storage Organization, Vanity Makeup Organizer","B08PB8ZTK1","https://www.amazon.com/dp/B08PB8ZTK1?psc=1","https://m.media-amazon.com/images/I/71weYLiHN5L._AC_SX522_PIbundle-12,TopRight,0,0_SH20_.jpg","AOZITA",7.99,"55,236","441,335.64",178,"CN",6.60,1,4.5,"36,499",9,"1,080","Aozita","Home & Kitchen","Large Standard-Size","FBA","4.1x3.9x12.8",0.66,"11/30/2020"
"Tiptiper Vanity Desk, Makeup Vanity Set with Lighted Mirror and Stool, Dressing Table with 5 Drawers, 3 Light Settings & Adjustable Brightness, Espresso","B08L4T2768","https://www.amazon.com/dp/B08L4T2768?psc=1","https://m.media-amazon.com/images/I/8178kGkQzBL._AC_SY450_.jpg","Tiptiper",119.99,396,"47,516.04","78,691","CN",56.29,1,4.4,760,8,18,"outdoorly","Home & Kitchen","Small Oversize","MFN","13.4x34.6x20.5",41.90,"4/23/2022"
"Makeup Vanity with Lights, Vanity Desk with Mirror and Lights Set, Large Drawer and Two-Tier Lots Storage Cabinet Dresser, 3 Lighting Modes Adjustable Brightness, Makeup Table for Bedroom, White","B096VGNY22","https://www.amazon.com/dp/B096VGNY22?psc=1","https://m.media-amazon.com/images/I/61f3lksn3XL._AC_SY355_.jpg","Vabches",156.99,242,"37,991.58","125,753","CN","n/a",1,4.6,499,9,20,"Loie","Home & Kitchen","n/a","MFN","n/a","n/a","4/22/2023"
"BJYXO Vanity Set Makeup Vanity Dressing Table with Sliding Lighted Mirror, Makeup Vanity Dressing Table with Cushioned Stool with Touch Light 3 Color Lighting Modes Adjustable Brightness, White","B0BWXW2YPY","https://www.amazon.com/dp/B0BWXW2YPY?psc=1","https://m.media-amazon.com/images/I/61Yui40ATpL._AC_SY450_.jpg","BJYXO",279.99,"n/a","n/a","410,172","CN",88.13,1,1.5,2,7,0,"Quedun","Home & Kitchen","Medium Oversize","FBA","22.0x5.7x35.0",75.01,"2/27/2023"
"Homsee Vanity Desk Set Makeup Table with Large Lighted Mirror, Dressing Table with 5 Drawers, Storage Shelves & Cushioned Stool for Bedroom, Black","B0BVHG17C5","https://www.amazon.com/dp/B0BVHG17C5?psc=1","https://m.media-amazon.com/images/I/71ayJNF6H3L._AC_SX425_.jpg","Homsee",259.99,30,"7,799.70","577,474","CN","n/a",1,3.7,30,7,1,"HOMSEE Official Store","Home & Kitchen","n/a","MFN","n/a","n/a","2/11/2023"
"Frenchi Home Furnishing Vanity Set with Stool and Mirror","B00DUDFOMI","https://www.amazon.com/dp/B00DUDFOMI?psc=1","https://m.media-amazon.com/images/I/718ODuDLCtL._AC_SX466_.jpg","Frenchi Furniture",102.86,101,"10,388.86","255,663","AMZ",48.83,1,4.4,"1,370",5,5,"Amazon","Home & Kitchen","Small Oversize","AMZ","18.0x14.0x30.0",38.01,"n/a"
"Fameill Makeup Vanity Desk with Lighted Mirror and Glass Top,White Table Set 3 Drawers,3 Lighting Colors Lights,Large Dressing 45 in(L)","B0BRVFB9HV","https://www.amazon.com/dp/B0BRVFB9HV?psc=1","https://m.media-amazon.com/images/I/71IX9L+FfEL._AC_SY450_.jpg","Fameill",229.99,124,"28,518.76","313,913","CN","n/a",1,4.4,20,9,7,"Fameill","Home & Kitchen","n/a","MFN","n/a","n/a","1/7/2023"
"Furnideco 37"" W Makeup Vanity with Lights,Vanity Desk with Chair, 5 Drawers Makeup Table with Lighted Mirror, 3 Lighting Colors,for Women Girls, White","B0BS3QPTY1","https://www.amazon.com/dp/B0BS3QPTY1?psc=1","https://m.media-amazon.com/images/I/81Rmv0iMWNL._AC_SY450_.jpg","Furnideco",199.99,418,"83,595.82","72,347","CN","n/a",1,4.4,71,7,25,"Furnideco Direct","Home & Kitchen","n/a","MFN","n/a","n/a","1/11/2023"
"YQ WHJB Vanity Set with Lighted Mirror,with Drawers Cabinet Storage Shelves&Cushioned Stool,3 Lighting Modes Adjustable Makeup Vanity Desk Brightness，Makeup Table Cabinet (80 * 40 * 132cm, Pink)","B0BWJJ6WLJ","https://www.amazon.com/dp/B0BWJJ6WLJ?psc=1","https://m.media-amazon.com/images/I/71IQwj07C4L._AC_SX425_.jpg","YQ WHJB",230.00,21,"4,830.00","790,255","CN","n/a",1,4.0,2,7,0,"Quality first,service first","Home & Kitchen","n/a","MFN","n/a","n/a","n/a"
"SMOOL Vanity Desk with Lighted Mirror - Makeup Vanity Table with 3 Color Lighting Modes Adjustable Brightness, Makeup Desk with Movable 3-Drawer Chest and Shelves, Vanity Set for Bedroom, Black 43.5""","B0BRCSPM3R","https://www.amazon.com/dp/B0BRCSPM3R?psc=1","https://m.media-amazon.com/images/I/71bL5DeFxyL._AC_SX425_.jpg","SMOOL",169.90,121,"20,557.90","109,939","HK","n/a",1,4.1,34,9,3,"Naboba","Home & Kitchen","n/a","MFN","n/a","n/a","12/31/2022"
"FUFU&GAGA Vanity Set Makeup Vanity Dressing Table with Sliding Lighted Mirror, 4 Drawers & Shelves, Dresser Desk and Cushioned Stool Set (White/Grey)","B097836LD3","https://www.amazon.com/dp/B097836LD3?psc=1","https://m.media-amazon.com/images/I/71RXgjoIhnL._AC_SX466_.jpg","FUFU&GAGA",199.99,283,"56,597.17","207,071","CN","n/a",1,3.8,508,7,3,"FUFU&GAGA Furniture Store","Home & Kitchen","n/a","MFN","n/a","n/a","10/31/2021"
"BEWISHOME Vanity Desk with Mirror and Lights, Makeup Vanity with Lights, White Vanity Set with Tri-Folding Mirror with 3 Colors, Makeup Table with Stool & Drawers, Dressing Table Vanity Table FST16W","B0C3C2HW83","https://www.amazon.com/dp/B0C3C2HW83?psc=1","https://m.media-amazon.com/images/I/71MQj8q19FL._AC_SX466_.jpg","BEWISHOME",159.99,96,"15,359.04","323,966","CN",56.56,1,5.0,2,8,1,"BEWISHOME","Home & Kitchen","Small Oversize","MFN","18.9x34.3x11.2",50.69,"4/28/2023"
"AIEGLE Large Vanity Desk Set with Sliding Lighted Mirror & Build-in Power Strip, Makeup Dressing Table with Hair Dryer Rack & Cushioned Stool, Black with 3 Colors LED Light","B0C4Y8RZ2X","https://www.amazon.com/dp/B0C4Y8RZ2X?psc=1","https://m.media-amazon.com/images/I/81looRKxfPL._AC_SY450_.jpg","AIEGLE",299.99,"n/a","n/a","119,634","CN","n/a",1,4.2,107,8,0,"AIEGLE","Home & Kitchen","n/a","MFN","n/a","n/a","5/11/2023"
"Lartis Fashion Makeup Vanity Table with Stool,Very Easy to Assemble，Dressing Table,Vanity Desk,Dresser Desk with Mirror, White Wax Wood Legs","B0B869QXFR","https://www.amazon.com/dp/B0B869QXFR?psc=1","https://m.media-amazon.com/images/I/61MJkkt7RHL._AC_SX522_.jpg","Lartis",749.00,13,"9,737.00","1,568,740","US","n/a",1,4.0,1,6,0,"Lartis Direct","Home & Kitchen","n/a","MFN","n/a","n/a","7/31/2022"
"JBLCC Makeup Vanity Set with Lighted Mirror and Charging Station Vanity Table with Drawers and Stool Storage Shelves, Dressing Table Bedroom Furniture (32151USB)","B0BZ4MDVDX","https://www.amazon.com/dp/B0BZ4MDVDX?psc=1","https://m.media-amazon.com/images/I/81VqO2xvPlL._AC_SX569_.jpg","JBLCC",195.90,"n/a","n/a","1,099,588","CN","n/a",1,2.5,4,9,0,"JBLCC SHOP","Home & Kitchen","Small Oversize","FBA","26.0x8.0x31.0",68.01,"3/21/2023"
"White Vanity Desk with Mirror and Lights, Vanity Table Makeup Vanity with Lights 3 Drawers and Cabinets, Charging Station & Sliding Door, Lots Storage Shelves","B0C5RW9CPQ","https://www.amazon.com/dp/B0C5RW9CPQ?psc=1","https://m.media-amazon.com/images/I/71ceIZs73JL._AC_SY450_.jpg","Vabches",213.99,"n/a","n/a","156,732","CN","n/a",1,"n/a",0,9,0,"Betemint","Home & Kitchen","n/a","MFN","n/a","n/a","5/19/2023"
"Kottova Large Vanity Mirror with 17 Dimmable LED,Extra Big Hollywood Makeup Mirror with 3 Color Lights,USB Charging Port,Large Lighted Mirror,Detachable 10X Spot Mirror,Touch Control (24.4""x21.2"")","B09P654NZ2","https://www.amazon.com/dp/B09P654NZ2?psc=1","https://m.media-amazon.com/images/I/71Oio+aqbWL._SX466_.jpg","Kottova",159.69,"1,362","217,497.78","20,361","CN",45.44,1,4.5,867,7,44,"Kottova Direct","Home & Kitchen","Small Oversize","FBA","24.4x5.9x28.1",14.90,"n/a"
"IRONCK Vanity Desk with LED Lighted Mirror & Power Outlet, Makeup Table with Drawers & Cabinet,Storage Stool,for Bedroom, White","B0BRXTTVRQ","https://www.amazon.com/dp/B0BRXTTVRQ?psc=1","https://m.media-amazon.com/images/I/61gcemgxLBL._AC_SX522_.jpg","IRONCK",209.99,812,"170,511.88","48,535","CN","n/a",1,4.4,122,9,28,"IRONCK Direct","Home & Kitchen","n/a","MFN","n/a","n/a","1/9/2023"
"saicheng White Makeup Vanity Set with Sliding Lighted Mirror,Dressing Table with 5 Storage Drawers Shelves, Dresser Desk & Cushioned Stool Set for Bedroom","B0BTYBMD64","https://www.amazon.com/dp/B0BTYBMD64?psc=1","https://m.media-amazon.com/images/I/61xitYGDA7L._AC_SY355_.jpg","saicheng",198.99,"n/a","n/a","1,496,579","CN",67.30,1,1.8,3,6,1,"Saicheng","Home & Kitchen","Small Oversize","n/a","21.5x8.2x35.1",67.01,"2/6/2023"
"Abesthink Vanity Set with Lighted Sliding Mirror and Charging Station,Makeup Vanity Dask with Drawers & Shelves,Dressing Table and Cushioned Stool Set White","B0C235DS88","https://www.amazon.com/dp/B0C235DS88?psc=1","https://m.media-amazon.com/images/I/81rN-B-jj0L._AC_SX569_.jpg","Abesthink",195.99,"n/a","n/a","188,856","CN",68.11,1,"n/a",0,6,0,"LeisurelyHome","Home & Kitchen","Medium Oversize","FBA","21.3x8.0x35.0",70.01,"4/29/2023"
"FAMAPY Vanity Desk with Mirror and Lights and Drawers, Desk and Chair, Wood for Bedroom White and Grey","B094XRBWFP","https://www.amazon.com/dp/B094XRBWFP?psc=1","https://m.media-amazon.com/images/I/712EbMZNgES._AC_SY450_.jpg","FAMAPY",199.99,771,"154,192.29","152,870","n/a",66.76,1,3.9,797,6,27,"n/a","Home & Kitchen","Small Oversize","MFN","22.0x7.5x36.0",63.01,"5/14/2021"
"Xilingol Makeup Vanity Desk with Mirror & Lights, 37"" Vanity Set with Chair, Modern Dressing Table W/ 2 Drawers & Cabinet, Vanity Dresser for Bedroom, White","B0C4YSTHM6","https://www.amazon.com/dp/B0C4YSTHM6?psc=1","https://m.media-amazon.com/images/I/81Mp3bSLDVL._AC_SX466_.jpg","Xilingol",199.99,"n/a","n/a","169,917","CN","n/a",1,"n/a",0,9,0,"US_Carajali","Home & Kitchen","n/a","MFN","n/a","n/a","5/11/2023"
"Rovaurx Vanity Table with Large Lighted Mirror, Makeup Vanity Dressing Table with Drawer, for Mother's Day, Bedroom Dressing Desk, 11 LED Light Bulbs & Adjustable Brightness, Black RSZT105B","B0B3J9LGV3","https://www.amazon.com/dp/B0B3J9LGV3?psc=1","https://m.media-amazon.com/images/I/71-6GRoeWIL._AC_SY450_.jpg","Rovaurx",89.99,84,"7,559.16","180,802","CN",43.81,1,4.4,59,7,1,"airbuyhome","Home & Kitchen","Small Oversize","MFN","25.4x35.0x7.3",49.10,"n/a"
"Quimoo Makeup Vanity with 360° Rotating Lighted Mirror, Vanity Table with 5 Drawers & 6-Slot Removable Organizer, Vanity Desk with Cushioned Stool, Vanity Set for Girls, Women, White","B09P84Q5CT","https://www.amazon.com/dp/B09P84Q5CT?psc=1","https://m.media-amazon.com/images/I/61pQoKDu+SL._AC_SX466_.jpg","Quimoo",89.99,71,"6,389.29","286,536","CN",63.63,1,4.5,132,9,2,"Quimoo USA","Home & Kitchen","Medium Oversize","MFN","19.9x35.0x14.9",23.80,"1/12/2022"